34200.002168,1,1000000,206,1502500,-1
34200.006948,1,1000001,265,1502200,-1
34200.013408,1,1000002,229,1502100,-1
34200.021042,1,1000003,191,1501500,-1
34200.034938,1,1000004,129,1498100,1
34200.039266,1,1000005,202,1499500,1
34200.042437,1,1000006,395,1503600,-1
34200.047576,1,1000007,277,1498400,1
34200.053786,1,1000008,288,1501800,-1
34200.056946,1,1000009,304,1498400,1
34200.068166,1,1000010,406,1503200,-1
34200.078028,1,1000011,120,1502200,-1
34200.092176,1,1000012,286,1501300,-1
34200.099888,1,1000013,337,1503700,-1
34200.112383,1,1000014,447,1501500,-1
34200.116119,1,1000015,16,1498900,1
34200.122152,1,1000016,338,1499000,1
34200.132809,1,1000017,312,1501100,-1
34200.133331,1,1000018,176,1497800,1
34200.146756,1,1000019,37,1498700,1
34200.151246,1,1000020,43,1503000,-1
34200.157911,1,1000021,197,1503200,-1
34200.163205,1,1000022,105,1497100,1
34200.168612,1,1000023,207,1500700,-1
34200.180603,1,1000024,44,1500300,-1
34200.194457,1,1000025,316,1498700,1
34200.206296,1,1000026,408,1500900,-1
34200.211806,1,1000027,348,1498100,1
34200.222088,1,1000028,126,1498500,1
34200.229534,1,1000029,56,1497800,1
34200.232990,1,1000030,465,1501000,-1
34200.246937,1,1000031,500,1497100,1
34200.257800,1,1000032,432,1498400,1
34200.269613,1,1000033,61,1502300,-1
34200.278492,1,1000034,373,1497000,1
34200.278924,1,1000035,211,1502400,-1
34200.279229,1,1000036,200,1502700,-1
34200.291012,1,1000037,174,1501600,-1
34200.302525,1,1000038,287,1501400,-1
34200.306316,1,1000039,357,1500700,-1
34200.320653,1,1000040,416,1498900,1
34200.327425,1,1000041,466,1496100,1
34200.337873,1,1000042,62,1498800,1
34200.345056,1,1000043,50,1498500,1
34200.346859,1,1000044,498,1497000,1
34200.361804,1,1000045,350,1496200,1
34200.372147,1,1000046,401,1502500,-1
34200.379580,1,1000047,99,1499700,-1
34200.389673,1,1000048,483,1498000,1
34200.393967,1,1000049,111,1497800,1
34200.398678,1,1000050,134,1500500,-1
34200.409565,1,1000051,124,1496500,1
34200.417662,1,1000052,487,1497300,1
34200.426310,1,1000053,219,1502400,-1
34200.433112,1,1000054,176,1500200,-1
34200.441829,1,1000055,190,1501700,-1
34200.454051,1,1000056,92,1497800,1
34200.456893,1,1000057,441,1499800,-1
34200.465274,1,1000058,319,1496400,1
34200.467420,1,1000059,79,1497500,1
34200.468486,1,1000060,433,1501300,-1
34200.469609,1,1000061,497,1501700,-1
34200.470733,1,1000062,180,1496700,1
34200.475050,1,1000063,435,1501300,-1
34200.477555,1,1000064,343,1497400,1
34200.490236,1,1000065,44,1498400,1
34200.497540,1,1000066,357,1496200,1
34200.509241,1,1000067,470,1502300,-1
34200.510091,1,1000068,57,1500600,-1
34200.512733,1,1000069,139,1496200,1
34200.524797,1,1000070,21,1496400,1
34200.537309,1,1000071,80,1495900,1
34200.549518,1,1000072,292,1497100,1
34200.556474,1,1000073,94,1497800,1
34200.565132,1,1000074,319,1500700,-1
34200.569913,1,1000075,59,1496300,1
34200.577423,1,1000076,345,1498100,1
34200.578130,1,1000077,308,1499700,-1
34200.592705,1,1000078,216,1501700,-1
34200.597140,1,1000079,120,1497500,1
34200.604640,1,1000080,257,1500700,-1
34200.613439,1,1000081,278,1501700,-1
34200.615151,1,1000082,94,1500900,-1
34200.630100,1,1000083,422,1498000,1
34200.634775,1,1000084,149,1496100,1
34200.637049,1,1000085,105,1499500,-1
34200.644872,1,1000086,108,1497300,1
34200.653019,1,1000087,88,1496100,1
34200.667484,1,1000088,11,1498300,1
34200.680500,1,1000089,369,1500100,-1
34200.686189,1,1000090,59,1499400,-1
34200.687854,1,1000091,226,1498000,1
34200.702312,1,1000092,135,1497200,1
34200.716780,1,1000093,284,1496600,1
34200.728137,1,1000094,210,1495500,1
34200.729551,1,1000095,344,1502000,-1
34200.738849,1,1000096,36,1496500,1
34200.753661,1,1000097,280,1501900,-1
34200.763247,1,1000098,68,1499700,-1
34200.768527,1,1000099,488,1500700,-1
34200.773230,1,1000100,296,1496900,1
34200.782635,1,1000101,452,1498900,1
34200.793719,1,1000102,61,1497000,1
34200.799242,1,1000103,313,1501900,-1
34200.803916,1,1000104,418,1498700,1
34200.815076,1,1000105,331,1500400,-1
34200.816981,1,1000106,397,1497400,1
34200.829239,1,1000107,303,1501700,-1
34200.833736,1,1000108,326,1496800,1
34200.839242,1,1000109,397,1503100,-1
34200.840888,1,1000110,310,1500600,-1
34200.853365,1,1000111,89,1501200,-1
34200.865913,1,1000112,95,1497700,1
34200.869582,1,1000113,343,1501300,-1
34200.884524,1,1000114,426,1497600,1
34200.896654,1,1000115,168,1498300,1
34200.906830,1,1000116,105,1502000,-1
34200.913032,1,1000117,362,1501100,-1
34200.917479,1,1000118,477,1503000,-1
34200.926205,1,1000119,491,1498100,1
34200.938420,1,1000120,330,1498800,1
34200.946391,1,1000121,251,1502100,-1
34200.958330,1,1000122,391,1500100,-1
34200.970954,1,1000123,450,1499300,1
34200.980919,1,1000124,430,1500000,-1
34200.984936,1,1000125,450,1498600,1
34200.996284,1,1000126,72,1502600,-1
34201.001856,1,1000127,256,1496600,1
34201.003843,1,1000128,342,1497600,1
34201.009507,1,1000129,353,1496000,1
34201.009750,1,1000130,422,1501800,-1
34201.013482,1,1000131,380,1502100,-1
34201.019572,1,1000132,277,1500800,-1
34201.022221,1,1000133,434,1499700,-1
34201.033168,1,1000134,405,1501400,-1
34201.039634,1,1000135,173,1498000,1
34201.043385,1,1000136,159,1497300,1
34201.045456,1,1000137,106,1496800,1
34201.057591,1,1000138,312,1501500,-1
34201.065057,1,1000139,314,1501000,-1
34201.069624,1,1000140,456,1497300,1
34201.082094,1,1000141,291,1499200,-1
34201.097003,1,1000142,282,1496400,1
34201.104756,1,1000143,225,1500500,-1
34201.114918,1,1000144,55,1497600,1
34201.121824,1,1000145,303,1496400,1
34201.124306,1,1000146,448,1500200,-1
34201.131350,1,1000147,468,1501700,-1
34201.142867,1,1000148,212,1496100,1
34201.144228,1,1000149,201,1501000,-1
34201.157935,1,1000150,13,1498800,1
34201.164040,1,1000151,148,1499000,-1
34201.171454,1,1000152,485,1496400,1
34201.178210,1,1000153,186,1498000,1
34201.180032,1,1000154,390,1501000,-1
34201.190079,1,1000155,258,1497500,1
34201.198151,1,1000156,388,1495800,1
34201.198899,1,1000157,261,1495500,1
34201.213403,1,1000158,265,1495600,1
34201.216836,1,1000159,115,1495700,1
34201.220632,1,1000160,27,1501900,-1
34201.228000,1,1000161,268,1497800,1
34201.228870,1,1000162,306,1499600,-1
34201.229663,1,1000163,300,1499100,-1
34201.237093,1,1000164,226,1498600,-1
34201.240881,1,1000165,99,1496200,1
34201.245839,1,1000166,393,1495300,1
34201.258091,1,1000167,309,1500100,-1
34201.266593,1,1000168,492,1496600,1
34201.276243,1,1000169,69,1495200,1
34201.283269,1,1000170,184,1500400,-1
34201.284495,1,1000171,49,1500100,-1
34201.295918,1,1000172,275,1497600,1
34201.301124,1,1000173,76,1499600,-1
34201.302038,1,1000174,428,1500700,-1
34201.305302,1,1000175,382,1495500,1
34201.309328,1,1000176,334,1500200,-1
34201.315498,1,1000177,100,1495200,1
34201.328911,1,1000178,46,1498200,-1
34201.336600,1,1000179,469,1495700,1
34201.350527,1,1000180,336,1501300,-1
34201.357415,1,1000181,70,1496700,1
34201.361205,1,1000182,203,1495400,1
34201.374936,1,1000183,196,1498700,-1
34201.389309,1,1000184,62,1498400,-1
34201.391356,1,1000185,305,1498400,-1
34201.397161,1,1000186,41,1499500,-1
34201.409821,1,1000187,279,1499600,-1
34201.419857,1,1000188,386,1497000,1
34201.427370,1,1000189,463,1498500,-1
34201.431632,1,1000190,366,1500100,-1
34201.443591,1,1000191,466,1498900,-1
34201.457700,1,1000192,95,1496200,1
34201.465588,1,1000193,227,1494900,1
34201.466635,1,1000194,321,1494500,1
34201.478533,1,1000195,54,1494600,1
34201.484382,1,1000196,287,1500700,-1
34201.487402,1,1000197,284,1500400,-1
34201.497184,1,1000198,88,1495200,1
34201.508347,1,1000199,14,1500400,-1
34201.514474,1,1000200,298,1499100,-1
34201.521204,1,1000201,466,1499700,-1
34201.522692,1,1000202,476,1494500,1
34201.528220,1,1000203,132,1495800,1
34201.528699,1,1000204,212,1496300,1
34201.530000,1,1000205,368,1496500,1
34201.537497,1,1000206,278,1500800,-1
34201.546611,1,1000207,92,1499100,-1
34201.548215,1,1000208,99,1496000,1
34201.551843,1,1000209,226,1494200,1
34201.557505,1,1000210,228,1496300,1
34201.560022,1,1000211,165,1500100,-1
34201.571730,1,1000212,451,1499600,-1
34201.583626,1,1000213,480,1499700,-1
34201.588619,1,1000214,69,1494300,1
34201.589122,1,1000215,83,1499600,-1
34201.593248,1,1000216,309,1497100,-1
34201.605565,1,1000217,226,1497300,-1
34201.620147,1,1000218,351,1498300,-1
34201.630798,1,1000219,34,1495800,1
34201.645603,1,1000220,215,1497900,-1
34201.648761,1,1000221,99,1498100,-1
34201.654180,1,1000222,41,1493400,1
34201.660591,1,1000223,456,1498300,-1
34201.673188,1,1000224,67,1495400,1
34201.688145,1,1000225,107,1499200,-1
34201.688529,1,1000226,99,1493800,1
34201.698015,1,1000227,252,1499000,-1
34201.710650,1,1000228,147,1495300,1
34201.716144,1,1000229,252,1495500,1
34201.721561,1,1000230,238,1494200,1
34201.728575,1,1000231,109,1498300,-1
34201.731269,1,1000232,488,1495200,1
34201.738277,1,1000233,98,1493700,1
34201.748671,1,1000234,450,1499000,-1
34201.753544,1,1000235,342,1493100,1
34201.756772,1,1000236,370,1499200,-1
34201.769374,1,1000237,81,1493100,1
34201.776050,1,1000238,226,1497900,-1
34201.776758,1,1000239,291,1495700,1
34201.785744,1,1000240,332,1498700,-1
34201.789509,1,1000241,157,1498900,-1
34201.790037,1,1000242,460,1498900,-1
34201.791546,1,1000243,177,1497200,-1
34201.804826,1,1000244,416,1498400,-1
34201.817443,1,1000245,23,1494700,1
34201.830444,1,1000246,303,1494400,1
34201.841459,1,1000247,329,1493700,1
34201.853657,1,1000248,143,1495200,1
34201.863119,1,1000249,62,1497000,-1
34201.873528,1,1000250,294,1495500,1
34201.885921,1,1000251,353,1499400,-1
34201.899033,1,1000252,30,1498300,-1
34201.913110,1,1000253,213,1495000,1
34201.924550,1,1000254,277,1500100,-1
34201.931022,1,1000255,216,1495200,1
34201.941021,1,1000256,470,1493000,1
34201.945606,1,1000257,239,1498300,-1
34201.954047,1,1000258,495,1498700,-1
34201.959955,1,1000259,248,1497400,-1
34201.968783,1,1000260,355,1495200,1
34201.975286,1,1000261,199,1496200,-1
34201.977819,1,1000262,21,1494500,1
34201.988213,1,1000263,22,1496300,-1
34201.999557,1,1000264,228,1498200,-1
34202.008461,1,1000265,360,1494700,1
34202.023438,1,1000266,137,1495500,1
34202.034173,1,1000267,179,1499100,-1
34202.046843,1,1000268,413,1498200,-1
34202.060379,1,1000269,166,1495000,1
34202.071460,1,1000270,299,1499300,-1
34202.074111,1,1000271,344,1495300,1
34202.084537,1,1000272,369,1497300,-1
34202.088705,1,1000273,455,1499000,-1
34202.093588,1,1000274,378,1495700,1
34202.107654,1,1000275,82,1498500,-1
34202.110453,1,1000276,50,1497900,-1
34202.113753,1,1000277,468,1499600,-1
34202.124673,1,1000278,39,1497400,-1
34202.127178,1,1000279,36,1498600,-1
34202.138084,1,1000280,13,1496800,-1
34202.152056,1,1000281,30,1494600,1
34202.155752,1,1000282,165,1496900,-1
34202.163605,1,1000283,320,1495700,1
34202.173034,1,1000284,483,1494400,1
34202.186961,1,1000285,320,1494300,1
34202.189717,1,1000286,155,1495700,1
34202.197248,1,1000287,51,1498100,-1
34202.209665,1,1000288,348,1498500,-1
34202.217949,1,1000289,256,1499200,-1
34202.219020,1,1000290,470,1497700,-1
34202.233376,1,1000291,143,1496300,1
34202.246215,1,1000292,376,1494900,1
34202.254608,1,1000293,91,1494500,1
34202.268286,1,1000294,258,1494600,1
34202.269813,1,1000295,207,1498400,-1
34202.281434,1,1000296,61,1494800,1
34202.287098,1,1000297,156,1498600,-1
34202.300503,1,1000298,105,1498300,-1
34202.300687,1,1000299,166,1492900,1
34202.315663,1,1000300,458,1499200,-1
34202.324201,1,1000301,150,1494100,1
34202.338363,1,1000302,99,1497500,-1
34202.348602,1,1000303,271,1494300,1
34202.354195,1,1000304,222,1494100,1
34202.361944,1,1000305,467,1495500,1
34202.365612,1,1000306,265,1492600,1
34202.370985,1,1000307,422,1499000,-1
34202.381356,1,1000308,357,1493400,1
34202.383921,1,1000309,132,1494400,1
34202.397799,1,1000310,167,1498800,-1
34202.407905,1,1000311,115,1499800,-1
34202.416234,1,1000312,232,1495000,1
34202.425693,1,1000313,93,1498600,-1
34202.434462,1,1000314,268,1495000,1
34202.440425,1,1000315,198,1493200,1
34202.453203,1,1000316,295,1497300,-1
34202.461543,1,1000317,69,1499000,-1
34202.472495,1,1000318,383,1499000,-1
34202.478438,1,1000319,469,1493600,1
34202.488999,1,1000320,275,1498200,-1
34202.502175,1,1000321,79,1492900,1
34202.510184,1,1000322,115,1498400,-1
34202.519370,1,1000323,423,1496100,-1
34202.523041,1,1000324,176,1493800,1
34202.527914,1,1000325,269,1492400,1
34202.528597,1,1000326,455,1494900,1
34202.538980,1,1000327,486,1497600,-1
34202.553899,1,1000328,406,1496300,-1
34202.558354,1,1000329,398,1498800,-1
34202.566834,1,1000330,209,1498800,-1
34202.580185,1,1000331,96,1496900,-1
34202.580375,1,1000332,253,1493800,1
34202.591869,1,1000333,312,1499100,-1
34202.597304,1,1000334,169,1493100,1
34202.603716,1,1000335,274,1493800,1
34202.609108,1,1000336,28,1494600,1
34202.622036,1,1000337,119,1498600,-1
34202.623596,1,1000338,280,1494700,1
34202.625758,1,1000339,421,1494800,1
34202.630461,1,1000340,204,1496600,-1
34202.637342,1,1000341,181,1494500,1
34202.643604,1,1000342,140,1492500,1
34202.653740,1,1000343,219,1493000,1
34202.661642,1,1000344,197,1498600,-1
34202.662894,1,1000345,222,1497300,-1
34202.675095,1,1000346,208,1499400,-1
34202.685698,1,1000347,411,1497500,-1
34202.686403,1,1000348,460,1496900,-1
34202.699308,1,1000349,395,1498100,-1
34202.713202,1,1000350,370,1498300,-1
34202.722505,1,1000351,297,1497400,-1
34202.735405,1,1000352,23,1496900,-1
34202.742950,1,1000353,134,1497400,-1
34202.747839,1,1000354,460,1499100,-1
34202.751778,1,1000355,310,1496300,-1
34202.766665,1,1000356,350,1498000,-1
34202.771395,1,1000357,195,1493600,1
34202.784458,1,1000358,308,1499800,-1
34202.785793,1,1000359,18,1499300,-1
34202.796841,1,1000360,354,1493100,1
34202.801737,1,1000361,224,1494200,1
34202.810635,1,1000362,66,1496700,-1
34202.820215,1,1000363,168,1498500,-1
34202.830916,1,1000364,111,1498900,-1
34202.838363,1,1000365,167,1494000,1
34202.842474,1,1000366,303,1492600,1
34202.843050,1,1000367,169,1494500,1
34202.846849,1,1000368,61,1492600,1
34202.860854,1,1000369,130,1496700,-1
34202.864928,1,1000370,52,1494600,1
34202.872792,1,1000371,298,1496700,-1
34202.882898,1,1000372,477,1492900,1
34202.893700,1,1000373,136,1495400,1
34202.899425,1,1000374,311,1493200,1
34202.901032,1,1000375,444,1495900,1
34202.915239,1,1000376,195,1494200,1
34202.924893,1,1000377,328,1493200,1
34202.934862,1,1000378,393,1497900,-1
34202.941237,1,1000379,499,1498300,-1
34202.953276,1,1000380,490,1496800,-1
34202.963880,1,1000381,478,1498700,-1
34202.970868,1,1000382,242,1495500,1
34202.974617,1,1000383,371,1498200,-1
34202.985035,1,1000384,409,1493900,1
34202.996517,1,1000385,190,1494800,1
34203.006835,1,1000386,179,1496200,1
34203.014042,1,1000387,237,1499600,-1
34203.015705,1,1000388,96,1499400,-1
34203.016161,1,1000389,458,1498500,-1
34203.028796,1,1000390,119,1495800,1
34203.043050,1,1000391,126,1499100,-1
34203.053164,1,1000392,361,1497800,-1
34203.054759,1,1000393,316,1499900,-1
34203.058866,1,1000394,351,1496400,1
34203.071721,1,1000395,32,1499600,-1
34203.085807,1,1000396,273,1495000,1
34203.092684,1,1000397,383,1494100,1
34203.105225,1,1000398,461,1498700,-1
34203.108739,1,1000399,448,1496000,1
34203.118150,1,1000400,76,1499300,-1
34203.131510,1,1000401,126,1496800,1
34203.142173,1,1000402,433,1498400,-1
34203.142568,1,1000403,78,1496000,1
34203.143477,1,1000404,275,1498100,-1
34203.144729,1,1000405,474,1496400,1
34203.155636,1,1000406,98,1499200,-1
34203.158168,1,1000407,212,1496200,1
34203.173084,1,1000408,267,1493700,1
34203.185603,1,1000409,214,1494300,1
34203.195433,1,1000410,385,1495600,1
34203.206933,1,1000411,361,1494800,1
34203.221363,1,1000412,236,1498000,-1
34203.224862,1,1000413,190,1499300,-1
34203.237932,1,1000414,65,1500400,-1
34203.252227,1,1000415,49,1500000,-1
34203.259144,1,1000416,450,1498200,-1
34203.272029,1,1000417,136,1498400,-1
34203.279619,1,1000418,220,1496500,1
34203.288441,1,1000419,17,1498900,-1
34203.300354,1,1000420,15,1496900,1
34203.315046,1,1000421,131,1496000,1
34203.328629,1,1000422,493,1496100,1
34203.330824,1,1000423,206,1500400,-1
34203.337680,1,1000424,136,1496700,1
34203.340827,1,1000425,302,1494300,1
34203.345495,1,1000426,315,1494700,1
34203.348277,1,1000427,246,1499400,-1
34203.350930,1,1000428,201,1499000,-1
34203.359880,1,1000429,286,1496800,1
34203.368549,1,1000430,49,1497700,-1
34203.372306,1,1000431,211,1498400,-1
34203.372910,1,1000432,176,1497400,-1
34203.380895,1,1000433,410,1495700,1
34203.391669,1,1000434,346,1494500,1
34203.393213,1,1000435,29,1499400,-1
34203.402520,1,1000436,306,1497700,-1
34203.417151,1,1000437,367,1494600,1
34203.420973,1,1000438,180,1496800,1
34203.429612,1,1000439,222,1499300,-1
34203.441775,1,1000440,396,1495200,1
34203.449333,1,1000441,498,1498600,-1
34203.458684,1,1000442,398,1500000,-1
34203.459571,1,1000443,476,1494900,1
34203.474108,1,1000444,271,1495100,1
34203.476882,1,1000445,238,1495900,1
34203.484619,1,1000446,478,1499000,-1
34203.486543,1,1000447,405,1494700,1
34203.500224,1,1000448,154,1498100,-1
34203.506411,1,1000449,359,1500000,-1
34203.507389,1,1000450,295,1498800,-1
34203.520012,1,1000451,381,1494800,1
34203.532749,1,1000452,498,1498300,-1
34203.545053,1,1000453,461,1498600,-1
34203.559090,1,1000454,440,1494200,1
34203.566370,1,1000455,338,1499800,-1
34203.581043,1,1000456,131,1495400,1
34203.583713,1,1000457,434,1495200,1
34203.591210,1,1000458,158,1496900,1
34203.598715,1,1000459,110,1495800,1
34203.600719,1,1000460,324,1495400,1
34203.606937,1,1000461,109,1496100,1
34203.615340,1,1000462,132,1494800,1
34203.622621,1,1000463,195,1496100,1
34203.637526,1,1000464,126,1494700,1
34203.637695,1,1000465,92,1499700,-1
34203.645705,1,1000466,480,1495400,1
34203.655860,1,1000467,270,1494200,1
34203.660498,1,1000468,67,1499600,-1
34203.666329,1,1000469,193,1498400,-1
34203.668683,1,1000470,406,1499100,-1
34203.672245,1,1000471,394,1494900,1
34203.672932,1,1000472,407,1496300,1
34203.674009,1,1000473,100,1495800,1
34203.677888,1,1000474,388,1500500,-1
34203.687985,1,1000475,125,1497100,1
34203.689153,1,1000476,204,1500100,-1
34203.694896,1,1000477,353,1500600,-1
34203.696582,1,1000478,259,1497300,1
34203.707330,1,1000479,321,1494900,1
34203.717323,1,1000480,325,1499400,-1
34203.720958,1,1000481,466,1499500,-1
34203.730002,1,1000482,451,1499000,-1
34203.744384,1,1000483,397,1494500,1
34203.755897,1,1000484,293,1497700,-1
34203.760877,1,1000485,284,1499500,-1
34203.763044,1,1000486,398,1500200,-1
34203.766743,1,1000487,456,1495300,1
34203.780661,1,1000488,445,1501300,-1
34203.784701,1,1000489,164,1497000,1
34203.787628,1,1000490,414,1495700,1
34203.792110,1,1000491,40,1500700,-1
34203.796664,1,1000492,253,1501000,-1
34203.804730,1,1000493,256,1500400,-1
34203.812406,1,1000494,231,1496000,1
34203.822942,1,1000495,453,1498200,-1
34203.834636,1,1000496,183,1496300,1
34203.838815,1,1000497,336,1495800,1
34203.839220,1,1000498,60,1499100,-1
34203.851945,1,1000499,276,1497800,-1
34203.861325,1,1000500,344,1500200,-1
34203.870154,1,1000501,282,1495500,1
34203.878789,1,1000502,366,1498600,-1
34203.889104,1,1000503,303,1499600,-1
34203.895238,1,1000504,360,1496400,1
34203.899757,1,1000505,447,1498900,-1
34203.912452,1,1000506,348,1495800,1
34203.914939,1,1000507,319,1493000,1
34203.929436,1,1000508,23,1495000,1
34203.938620,1,1000509,417,1493600,1
34203.944352,1,1000510,175,1493800,1
34203.956054,1,1000511,145,1493200,1
34203.970117,1,1000512,317,1495700,1
34203.983390,1,1000513,269,1497700,-1
34203.993274,1,1000514,45,1497100,-1
34204.004351,1,1000515,418,1499100,-1
34204.007926,1,1000516,338,1495600,1
34204.011362,1,1000517,460,1497700,-1
34204.014909,1,1000518,84,1497200,-1
34204.017150,1,1000519,222,1496400,-1
34204.024423,1,1000520,96,1493300,1
34204.033022,1,1000521,28,1493700,1
34204.044211,1,1000522,313,1494500,1
34204.050318,1,1000523,245,1497700,-1
34204.053276,1,1000524,225,1498400,-1
34204.064553,1,1000525,408,1494900,1
34204.069567,1,1000526,322,1494100,1
34204.082709,1,1000527,454,1499500,-1
34204.092835,1,1000528,367,1495000,1
34204.099923,1,1000529,49,1492900,1
34204.113049,1,1000530,197,1498500,-1
34204.126600,1,1000531,97,1494200,1
34204.136483,1,1000532,94,1497200,-1
34204.148696,1,1000533,186,1494000,1
34204.163206,1,1000534,95,1498300,-1
34204.163502,1,1000535,386,1496400,1
34204.173263,1,1000536,349,1493900,1
34204.183516,1,1000537,232,1493400,1
34204.191118,1,1000538,207,1498100,-1
34204.196690,1,1000539,291,1497700,-1
34204.199039,1,1000540,24,1499000,-1
34204.200340,1,1000541,251,1495000,1
34204.206485,1,1000542,185,1499400,-1
34204.220222,1,1000543,478,1498000,-1
34204.232110,1,1000544,71,1493700,1
34204.246181,1,1000545,474,1499600,-1
34204.247880,1,1000546,326,1499300,-1
34204.254982,1,1000547,107,1495500,1
34204.261016,1,1000548,258,1493800,1
34204.262898,1,1000549,171,1493900,1
34204.268761,1,1000550,61,1499300,-1
34204.272418,1,1000551,47,1493900,1
34204.281742,1,1000552,377,1496000,1
34204.291491,1,1000553,221,1498100,-1
34204.300825,1,1000554,70,1498300,-1
34204.308157,1,1000555,344,1497500,-1
34204.320220,1,1000556,491,1495900,1
34204.334540,1,1000557,223,1497900,-1
34204.344339,1,1000558,179,1499100,-1
34204.351511,1,1000559,126,1498200,-1
34204.355631,1,1000560,12,1498200,-1
34204.368123,1,1000561,445,1498400,-1
34204.370575,1,1000562,169,1497600,-1
34204.384908,1,1000563,260,1497000,-1
34204.395994,1,1000564,248,1499000,-1
34204.398887,1,1000565,251,1498400,-1
34204.399371,1,1000566,386,1499600,-1
34204.413209,1,1000567,274,1494900,1
34204.420497,1,1000568,445,1499100,-1
34204.429551,1,1000569,392,1493300,1
34204.440371,1,1000570,104,1495400,1
34204.448704,1,1000571,443,1499200,-1
34204.456270,1,1000572,11,1492900,1
34204.468774,1,1000573,209,1497800,-1
34204.482843,1,1000574,428,1494900,1
34204.490385,1,1000575,138,1494500,1
34204.499470,1,1000576,92,1493500,1
34204.509086,1,1000577,57,1496800,-1
34204.517753,1,1000578,169,1493000,1
34204.532570,1,1000579,204,1493700,1
34204.537671,1,1000580,283,1492900,1
34204.541493,1,1000581,299,1491900,1
34204.541989,1,1000582,53,1496400,-1
34204.546897,1,1000583,93,1494700,1
34204.556843,1,1000584,412,1493200,1
34204.567996,1,1000585,377,1493600,1
34204.580913,1,1000586,453,1497000,-1
34204.586363,1,1000587,15,1492800,1
34204.600004,1,1000588,437,1499000,-1
34204.609841,1,1000589,125,1497400,-1
34204.618404,1,1000590,362,1499200,-1
34204.626666,1,1000591,448,1499600,-1
34204.637516,1,1000592,427,1493800,1
34204.646571,1,1000593,479,1499500,-1
34204.647123,1,1000594,153,1497300,-1
34204.652730,1,1000595,305,1493800,1
34204.660351,1,1000596,33,1499900,-1
34204.672984,1,1000597,346,1496400,1
34204.686029,1,1000598,141,1497800,-1
34204.691162,1,1000599,437,1494200,1
34204.697484,1,1000600,447,1495000,1
34204.703599,1,1000601,209,1498000,-1
34204.706700,1,1000602,497,1497500,-1
34204.710749,1,1000603,123,1499300,-1
34204.723229,1,1000604,478,1497900,-1
34204.733088,1,1000605,270,1499800,-1
34204.733761,1,1000606,336,1499800,-1
34204.737098,1,1000607,27,1499300,-1
34204.739226,1,1000608,291,1495400,1
34204.743962,1,1000609,61,1496800,1
34204.757248,1,1000610,469,1496000,1
34204.769496,1,1000611,401,1495900,1
34204.780117,1,1000612,88,1493800,1
34204.786138,1,1000613,485,1499600,-1
34204.798596,1,1000614,421,1498600,-1
34204.803039,1,1000615,161,1494000,1
34204.806855,1,1000616,377,1494600,1
34204.808447,1,1000617,465,1495500,1
34204.822270,1,1000618,378,1498000,-1
34204.831596,1,1000619,204,1496600,-1
34204.844634,1,1000620,363,1499000,-1
34204.847805,1,1000621,216,1495300,1
34204.859160,1,1000622,168,1493900,1
34204.871244,1,1000623,393,1498700,-1
34204.876822,1,1000624,455,1495400,1
34204.882415,1,1000625,245,1497300,-1
34204.889991,1,1000626,51,1497100,-1
34204.895332,1,1000627,179,1498400,-1
34204.899564,1,1000628,498,1496600,-1
34204.905485,1,1000629,206,1493500,1
34204.916342,1,1000630,364,1492500,1
34204.930254,1,1000631,216,1496600,-1
34204.942238,1,1000632,375,1496700,-1
34204.949303,1,1000633,12,1493400,1
34204.951278,1,1000634,53,1499000,-1
34204.965310,1,1000635,475,1492900,1
34204.971837,1,1000636,98,1497000,-1
34204.982797,1,1000637,33,1492000,1
34204.993378,1,1000638,203,1492400,1
34205.002684,1,1000639,56,1497000,-1
34205.013883,1,1000640,283,1492100,1
34205.017798,1,1000641,338,1492900,1
34205.026621,1,1000642,13,1494400,1
34205.036116,1,1000643,342,1494600,1
34205.045819,1,1000644,300,1498400,-1
34205.052968,1,1000645,27,1492400,1
34205.058409,1,1000646,209,1493600,1
34205.064976,1,1000647,410,1497700,-1
34205.068345,1,1000648,87,1496500,-1
34205.080922,1,1000649,247,1492700,1
34205.082651,1,1000650,496,1496700,-1
34205.097610,1,1000651,110,1492600,1
34205.108244,1,1000652,41,1495500,-1
34205.112538,1,1000653,157,1497100,-1
34205.115514,1,1000654,115,1492700,1
34205.127975,1,1000655,167,1493600,1
34205.142799,1,1000656,133,1497000,-1
34205.149551,1,1000657,316,1493500,1
34205.157774,1,1000658,172,1497900,-1
34205.169228,1,1000659,473,1492300,1
34205.183016,1,1000660,115,1496400,-1
34205.189004,1,1000661,27,1492800,1
34205.196617,1,1000662,189,1496200,-1
34205.196857,1,1000663,325,1499000,-1
34205.208101,1,1000664,259,1497900,-1
34205.216015,1,1000665,73,1496100,-1
34205.226708,1,1000666,347,1493300,1
34205.236986,1,1000667,249,1494300,1
34205.244124,1,1000668,363,1498600,-1
34205.253802,1,1000669,221,1499100,-1
34205.256481,1,1000670,246,1493600,1
34205.263910,1,1000671,67,1498600,-1
34205.264693,1,1000672,227,1496800,-1
34205.271344,1,1000673,105,1494300,1
34205.284141,1,1000674,285,1493900,1
34205.294138,1,1000675,371,1496900,-1
34205.296324,1,1000676,203,1498500,-1
34205.299238,1,1000677,162,1499400,-1
34205.300950,1,1000678,300,1496300,-1
34205.304131,1,1000679,278,1493700,1
34205.316081,1,1000680,239,1494400,1
34205.318456,1,1000681,386,1496500,-1
34205.325774,1,1000682,468,1494900,1
34205.333831,1,1000683,119,1496400,-1
34205.340825,1,1000684,362,1499500,-1
34205.341947,1,1000685,134,1496400,-1
34205.344085,1,1000686,257,1497100,-1
34205.357298,1,1000687,48,1493000,1
34205.369529,1,1000688,188,1492400,1
34205.381752,1,1000689,270,1496500,-1
34205.394872,1,1000690,447,1498400,-1
34205.409499,1,1000691,329,1497200,-1
34205.422086,1,1000692,279,1493800,1
34205.436984,1,1000693,120,1493500,1
34205.451791,1,1000694,184,1497200,-1
34205.463108,1,1000695,311,1492500,1
34205.472092,1,1000696,91,1492800,1
34205.480730,1,1000697,104,1497000,-1
34205.486645,1,1000698,377,1493600,1
34205.497157,1,1000699,201,1497000,-1
34205.500539,1,1000700,482,1494600,1
34205.503442,1,1000701,282,1498700,-1
34205.507044,1,1000702,63,1498900,-1
34205.510224,1,1000703,34,1498200,-1
34205.513565,1,1000704,252,1494700,1
34205.523791,1,1000705,259,1497400,-1
34205.529288,1,1000706,485,1498500,-1
34205.531341,1,1000707,24,1497200,-1
34205.536135,1,1000708,238,1494900,1
34205.537468,1,1000709,487,1498300,-1
34205.548703,1,1000710,359,1494700,1
34205.562718,1,1000711,29,1495400,1
34205.563946,1,1000712,415,1497400,-1
34205.573984,1,1000713,54,1499200,-1
34205.582636,1,1000714,473,1500200,-1
34205.588912,1,1000715,267,1497600,-1
34205.591642,1,1000716,241,1497600,-1
34205.592744,1,1000717,36,1497100,-1
34205.597171,1,1000718,99,1499700,-1
34205.599163,1,1000719,393,1500200,-1
34205.603167,1,1000720,117,1500000,-1
34205.611185,1,1000721,122,1495000,1
34205.621732,1,1000722,299,1495700,1
34205.632438,1,1000723,121,1495900,1
34205.637922,1,1000724,486,1495200,1
34205.639871,1,1000725,52,1497800,-1
34205.649793,1,1000726,317,1498500,-1
34205.657270,1,1000727,76,1498900,-1
34205.662373,1,1000728,161,1493600,1
34205.665188,1,1000729,302,1498200,-1
34205.673989,1,1000730,90,1495700,1
34205.675002,1,1000731,136,1494300,1
34205.689390,1,1000732,171,1497900,-1
34205.691095,1,1000733,152,1497100,-1
34205.702629,1,1000734,386,1498700,-1
34205.715257,1,1000735,318,1499000,-1
34205.720951,1,1000736,192,1498900,-1
34205.721941,1,1000737,185,1498000,-1
34205.735979,1,1000738,14,1493300,1
34205.744241,1,1000739,12,1497500,-1
34205.752991,1,1000740,452,1493700,1
34205.760587,1,1000741,349,1494300,1
34205.766041,1,1000742,385,1494800,1
34205.774594,1,1000743,478,1498100,-1
34205.777316,1,1000744,250,1495200,1
34205.791346,1,1000745,40,1497000,-1
34205.802645,1,1000746,384,1497700,-1
34205.805991,1,1000747,393,1492900,1
34205.813848,1,1000748,42,1495000,1
34205.820831,1,1000749,210,1495200,1
34205.833120,1,1000750,420,1497200,-1
34205.846813,1,1000751,45,1497400,-1
34205.860201,1,1000752,97,1496100,1
34205.861882,1,1000753,15,1498800,-1
34205.862156,1,1000754,167,1493200,1
34205.864526,1,1000755,268,1494200,1
34205.867577,1,1000756,487,1498300,-1
34205.874296,1,1000757,110,1495000,1
34205.879243,1,1000758,217,1496600,-1
34205.883400,1,1000759,458,1498700,-1
34205.887794,1,1000760,306,1498200,-1
34205.891580,1,1000761,238,1493300,1
34205.903383,1,1000762,19,1492600,1
34205.907069,1,1000763,261,1492500,1
34205.909295,1,1000764,347,1492400,1
34205.919445,1,1000765,352,1495700,-1
34205.924336,1,1000766,349,1492800,1
34205.931931,1,1000767,491,1498500,-1
34205.933697,1,1000768,457,1497200,-1
34205.938070,1,1000769,473,1494000,1
34205.947249,1,1000770,330,1493700,1
34205.958385,1,1000771,152,1498300,-1
34205.960879,1,1000772,339,1493900,1
34205.971861,1,1000773,189,1497100,-1
34205.974326,1,1000774,154,1494900,1
34205.987702,1,1000775,250,1497300,-1
34205.996972,1,1000776,423,1493400,1
34206.009999,1,1000777,235,1497900,-1
34206.022645,1,1000778,95,1498000,-1
34206.035261,1,1000779,436,1497600,-1
34206.040098,1,1000780,220,1492700,1
34206.049107,1,1000781,355,1492900,1
34206.061430,1,1000782,241,1496800,-1
34206.069627,1,1000783,479,1497600,-1
34206.075392,1,1000784,301,1497100,-1
34206.090203,1,1000785,77,1493100,1
34206.104992,1,1000786,88,1495800,-1
34206.105122,1,1000787,372,1493400,1
34206.119079,1,1000788,174,1496500,-1
34206.127062,1,1000789,171,1495400,1
34206.136776,1,1000790,455,1492700,1
34206.138892,1,1000791,355,1495800,-1
34206.149018,1,1000792,75,1493900,1
34206.150521,1,1000793,458,1493100,1
34206.160433,1,1000794,106,1492500,1
34206.170970,1,1000795,29,1497900,-1
34206.182700,1,1000796,27,1497400,-1
34206.187596,1,1000797,61,1495000,1
34206.192205,1,1000798,389,1493600,1
34206.200921,1,1000799,408,1496700,-1
34206.215844,1,1000800,172,1497600,-1
34206.230485,1,1000801,312,1493600,1
34206.238216,1,1000802,23,1495800,1
34206.245394,1,1000803,71,1494800,1
34206.247068,1,1000804,20,1495100,1
34206.260626,1,1000805,124,1499000,-1
34206.267991,1,1000806,22,1499500,-1
34206.279502,1,1000807,235,1496500,-1
34206.280081,1,1000808,216,1494300,1
34206.288578,1,1000809,433,1497600,-1
34206.301097,1,1000810,392,1498400,-1
34206.302668,1,1000811,152,1496400,-1
34206.310754,1,1000812,41,1495400,1
34206.319213,1,1000813,419,1495100,1
34206.328700,1,1000814,360,1493800,1
34206.340623,1,1000815,386,1496500,-1
34206.354759,1,1000816,365,1493100,1
34206.358405,1,1000817,140,1492900,1
34206.372804,1,1000818,264,1497500,-1
34206.384466,1,1000819,313,1493400,1
34206.394152,1,1000820,388,1494700,1
34206.402288,1,1000821,29,1498000,-1
34206.410560,1,1000822,195,1498100,-1
34206.410983,1,1000823,314,1495600,-1
34206.424188,1,1000824,258,1495900,-1
34206.433283,1,1000825,237,1495000,1
34206.446066,1,1000826,468,1496600,-1
34206.458069,1,1000827,84,1493000,1
34206.461187,1,1000828,278,1492900,1
34206.467590,1,1000829,126,1497600,-1
34206.475470,1,1000830,161,1494800,1
34206.489703,1,1000831,172,1494500,1
34206.500777,1,1000832,377,1494900,1
34206.507121,1,1000833,441,1492500,1
34206.508015,1,1000834,77,1497400,-1
34206.521412,1,1000835,270,1494400,1
34206.525301,1,1000836,337,1496300,-1
34206.536710,1,1000837,25,1497700,-1
34206.541229,1,1000838,63,1498500,-1
34206.542811,1,1000839,153,1497300,-1
34206.550719,1,1000840,230,1494500,1
34206.559499,1,1000841,294,1497600,-1
34206.560427,1,1000842,166,1493400,1
34206.571144,1,1000843,357,1497700,-1
34206.585418,1,1000844,400,1494600,1
34206.597331,1,1000845,218,1496800,-1
34206.605671,1,1000846,276,1496500,-1
34206.610480,1,1000847,291,1496500,-1
34206.616939,1,1000848,497,1493500,1
34206.625625,1,1000849,55,1492100,1
34206.626366,1,1000850,231,1496400,-1
34206.640857,1,1000851,124,1496100,-1
34206.648035,1,1000852,272,1497300,-1
34206.657753,1,1000853,277,1493300,1
34206.670636,1,1000854,493,1492500,1
34206.681273,1,1000855,491,1492300,1
34206.685112,1,1000856,473,1496900,-1
34206.696829,1,1000857,373,1494200,1
34206.707006,1,1000858,494,1497200,-1
34206.714758,1,1000859,139,1494900,1
34206.724164,1,1000860,76,1494000,1
34206.725419,1,1000861,244,1498000,-1
34206.734609,1,1000862,340,1492000,1
34206.747493,1,1000863,188,1497000,-1
34206.754230,1,1000864,290,1497900,-1
34206.767851,1,1000865,35,1492400,1
34206.772205,1,1000866,403,1494500,1
34206.780917,1,1000867,27,1494000,1
34206.790011,1,1000868,239,1498200,-1
34206.790527,1,1000869,317,1493100,1
34206.803799,1,1000870,473,1495300,-1
34206.817921,1,1000871,483,1497800,-1
34206.827334,1,1000872,470,1492100,1
34206.837436,1,1000873,199,1492900,1
34206.839906,1,1000874,23,1496300,-1
34206.841673,1,1000875,337,1496600,-1
34206.852774,1,1000876,403,1493200,1
34206.857793,1,1000877,23,1495900,-1
34206.860475,1,1000878,467,1496100,-1
34206.868129,1,1000879,45,1493500,1
34206.871132,1,1000880,481,1492600,1
34206.877261,1,1000881,235,1495800,-1
34206.892220,1,1000882,163,1496900,-1
34206.902253,1,1000883,178,1493500,1
34206.908447,1,1000884,57,1496900,-1
34206.923371,1,1000885,144,1494500,1
34206.933068,1,1000886,68,1493500,1
34206.933898,1,1000887,91,1493100,1
34206.948401,1,1000888,196,1498000,-1
34206.950979,1,1000889,27,1495600,1
34206.953648,1,1000890,156,1494300,1
34206.962988,1,1000891,151,1494800,1
34206.971633,1,1000892,340,1493600,1
34206.978387,1,1000893,272,1493400,1
34206.991700,1,1000894,252,1492200,1
34207.003290,1,1000895,110,1496400,-1
34207.016304,1,1000896,151,1491500,1
34207.029393,1,1000897,480,1496300,-1
34207.039527,1,1000898,499,1492800,1
34207.049367,1,1000899,309,1498500,-1
34207.061003,1,1000900,455,1492800,1
34207.061557,1,1000901,118,1497600,-1
34207.067993,1,1000902,242,1493900,1
34207.077560,1,1000903,148,1497800,-1
34207.090290,1,1000904,372,1494800,1
34207.095573,1,1000905,478,1497000,-1
34207.097804,1,1000906,356,1496900,-1
34207.111714,1,1000907,376,1492100,1
34207.113879,1,1000908,380,1493700,1
34207.118213,1,1000909,17,1496200,-1
34207.126365,1,1000910,222,1494700,1
34207.138931,1,1000911,266,1495000,1
34207.148639,1,1000912,89,1496600,-1
34207.151669,1,1000913,280,1498500,-1
34207.154475,1,1000914,397,1497800,-1
34207.161655,1,1000915,444,1495000,1
34207.162868,1,1000916,475,1495100,1
34207.168924,1,1000917,115,1495600,-1
34207.180344,1,1000918,369,1493800,1
34207.192844,1,1000919,493,1497400,-1
34207.198977,1,1000920,223,1492400,1
34207.199364,1,1000921,386,1496800,-1
34207.207070,1,1000922,158,1497200,-1
34207.208462,1,1000923,428,1492500,1
34207.222450,1,1000924,420,1498700,-1
34207.233452,1,1000925,336,1494500,1
34207.234159,1,1000926,284,1493700,1
34207.247399,1,1000927,471,1494600,1
34207.260381,1,1000928,210,1499500,-1
34207.270859,1,1000929,403,1494400,1
34207.272565,1,1000930,225,1497100,-1
34207.277465,1,1000931,473,1495900,-1
34207.284958,1,1000932,276,1498700,-1
34207.293797,1,1000933,235,1497000,-1
34207.296723,1,1000934,230,1496800,-1
34207.305490,1,1000935,227,1494900,1
34207.319964,1,1000936,85,1494400,1
34207.322043,1,1000937,386,1497200,-1
34207.336931,1,1000938,93,1496300,-1
34207.338529,1,1000939,114,1496600,-1
34207.344877,1,1000940,405,1494400,1
34207.346646,1,1000941,474,1493400,1
34207.354385,1,1000942,111,1496800,-1
34207.359579,1,1000943,152,1494300,1
34207.365991,1,1000944,28,1498400,-1
34207.377487,1,1000945,174,1493100,1
34207.389281,1,1000946,56,1493000,1
34207.399642,1,1000947,279,1493700,1
34207.411621,1,1000948,107,1497300,-1
34207.423753,1,1000949,131,1499400,-1
34207.438227,1,1000950,199,1499200,-1
34207.438806,1,1000951,18,1499200,-1
34207.450782,1,1000952,11,1497100,-1
34207.451029,1,1000953,378,1498100,-1
34207.451634,1,1000954,444,1493500,1
34207.466263,1,1000955,358,1494500,1
34207.480748,1,1000956,109,1494900,1
34207.495024,1,1000957,100,1493900,1
34207.497274,1,1000958,336,1493000,1
34207.502993,1,1000959,382,1497000,-1
34207.512359,1,1000960,42,1493600,1
34207.513530,1,1000961,230,1495200,1
34207.519006,1,1000962,303,1499000,-1
34207.524071,1,1000963,443,1497500,-1
34207.536720,1,1000964,425,1495000,1
34207.546390,1,1000965,393,1498200,-1
34207.547523,1,1000966,484,1495900,1
34207.554273,1,1000967,365,1495500,1
34207.554596,1,1000968,162,1494400,1
34207.562465,1,1000969,121,1496900,-1
34207.563012,1,1000970,339,1493200,1
34207.567607,1,1000971,484,1498500,-1
34207.575809,1,1000972,59,1494600,1
34207.585087,1,1000973,150,1499700,-1
34207.598282,1,1000974,310,1498100,-1
34207.601361,1,1000975,375,1500100,-1
34207.603646,1,1000976,184,1497400,-1
34207.607760,1,1000977,201,1494400,1
34207.616124,1,1000978,392,1496200,1
34207.624336,1,1000979,458,1497500,-1
34207.635731,1,1000980,144,1496100,1
34207.644630,1,1000981,333,1497300,-1
34207.658635,1,1000982,95,1497700,-1
34207.663725,1,1000983,250,1495800,1
34207.673843,1,1000984,388,1496500,-1
34207.675033,1,1000985,148,1497100,-1
34207.682815,1,1000986,165,1494400,1
34207.697213,1,1000987,194,1498200,-1
34207.704293,1,1000988,29,1496600,1
34207.708318,1,1000989,443,1499400,-1
34207.719972,1,1000990,183,1495700,1
34207.720237,1,1000991,38,1499800,-1
34207.725806,1,1000992,95,1493500,1
34207.726700,1,1000993,446,1499700,-1
34207.731177,1,1000994,118,1499800,-1
34207.744492,1,1000995,20,1495600,1
34207.749475,1,1000996,212,1494400,1
34207.751414,1,1000997,472,1493800,1
34207.760283,1,1000998,405,1499200,-1
34207.772984,1,1000999,143,1500800,-1
34207.777912,1,1001000,454,1495400,1
34207.779762,1,1001001,371,1498800,-1
34207.786580,1,1001002,319,1499200,-1
34207.789438,1,1001003,196,1495800,1
34207.791778,1,1001004,464,1497000,1
34207.803283,1,1001005,186,1496600,1
34207.812979,1,1001006,386,1494900,1
34207.826249,1,1001007,319,1500700,-1
34207.827803,1,1001008,404,1495900,1
34207.839604,1,1001009,383,1496000,1
34207.847834,1,1001010,436,1494500,1
34207.860182,1,1001011,412,1500300,-1
34207.870735,1,1001012,386,1498500,-1
34207.884001,1,1001013,319,1495100,1
34207.887624,1,1001014,244,1499400,-1
34207.899537,1,1001015,28,1499100,-1
34207.911138,1,1001016,47,1499400,-1
34207.915911,1,1001017,190,1495100,1
34207.917932,1,1001018,325,1495900,1
34207.928918,1,1001019,138,1499000,-1
34207.938318,1,1001020,410,1499600,-1
34207.944036,1,1001021,301,1496000,1
34207.949951,1,1001022,11,1499800,-1
34207.955830,1,1001023,292,1499600,-1
34207.962817,1,1001024,237,1500300,-1
34207.972571,1,1001025,427,1500100,-1
34207.978153,1,1001026,303,1498300,-1
34207.980838,1,1001027,324,1499900,-1
34207.983143,1,1001028,144,1500100,-1
34207.996685,1,1001029,60,1495300,1
34208.005710,1,1001030,150,1496400,1
34208.008767,1,1001031,194,1494300,1
34208.020398,1,1001032,99,1499000,-1
34208.023976,1,1001033,29,1494900,1
34208.037143,1,1001034,288,1499500,-1
34208.049348,1,1001035,186,1499700,-1
34208.055729,1,1001036,96,1496300,1
34208.060333,1,1001037,433,1498900,-1
34208.064493,1,1001038,325,1499300,-1
34208.074223,1,1001039,409,1494000,1
34208.079375,1,1001040,475,1496600,1
34208.083940,1,1001041,300,1497800,-1
34208.095164,1,1001042,207,1496300,1
34208.103059,1,1001043,92,1499300,-1
34208.116245,1,1001044,442,1498700,-1
34208.121413,1,1001045,408,1497600,-1
34208.131111,1,1001046,360,1493700,1
34208.139562,1,1001047,329,1493500,1
34208.150032,1,1001048,284,1493700,1
34208.151101,1,1001049,19,1500000,-1
34208.154247,1,1001050,281,1495100,1
34208.164960,1,1001051,18,1493500,1
34208.174878,1,1001052,281,1499700,-1
34208.179987,1,1001053,56,1496500,1
34208.189373,1,1001054,275,1497700,-1
34208.200118,1,1001055,327,1498300,-1
34208.203675,1,1001056,182,1498700,-1
34208.210025,1,1001057,251,1494500,1
34208.221157,1,1001058,127,1497900,-1
34208.231525,1,1001059,324,1496900,1
34208.232867,1,1001060,288,1496400,1
34208.242182,1,1001061,260,1498700,-1
34208.250042,1,1001062,212,1499200,-1
34208.251670,1,1001063,287,1500700,-1
34208.253483,1,1001064,382,1500400,-1
34208.265513,1,1001065,72,1498600,-1
34208.271432,1,1001066,234,1499100,-1
34208.274124,1,1001067,68,1495400,1
34208.276032,1,1001068,434,1497000,1
34208.284563,1,1001069,377,1496200,1
34208.297618,1,1001070,134,1501400,-1
34208.310079,1,1001071,477,1497300,1
34208.319700,1,1001072,466,1494800,1
34208.330806,1,1001073,262,1499600,-1
34208.338803,1,1001074,385,1495800,1
34208.350418,1,1001075,165,1498900,-1
34208.355674,1,1001076,300,1500900,-1
34208.358459,1,1001077,393,1498900,-1
34208.359144,1,1001078,270,1499500,-1
34208.360663,1,1001079,47,1495200,1
34208.365094,1,1001080,116,1497600,1
34208.375288,1,1001081,475,1499700,-1
34208.390252,1,1001082,131,1500400,-1
34208.404256,1,1001083,150,1496900,1
34208.408420,1,1001084,214,1496400,1
34208.419815,1,1001085,322,1498100,1
34208.420706,1,1001086,482,1501300,-1
34208.428605,1,1001087,105,1496400,1
34208.430968,1,1001088,467,1495500,1
34208.440232,1,1001089,309,1500800,-1
34208.447303,1,1001090,261,1498000,1
34208.461254,1,1001091,371,1497000,1
34208.471171,1,1001092,133,1500600,-1
34208.474600,1,1001093,76,1500200,-1
34208.488022,1,1001094,424,1502000,-1
34208.501665,1,1001095,85,1501600,-1
34208.507973,1,1001096,243,1499200,-1
34208.522623,1,1001097,303,1496300,1
34208.524228,1,1001098,459,1497900,1
34208.532954,1,1001099,226,1498200,1
34208.538356,1,1001100,412,1500800,-1
34208.548540,1,1001101,386,1498100,1
34208.561787,1,1001102,314,1498900,-1
34208.568545,1,1001103,288,1501300,-1
34208.581685,1,1001104,181,1499600,-1
34208.588193,1,1001105,441,1498900,-1
34208.596962,1,1001106,427,1501100,-1
34208.609416,1,1001107,149,1500800,-1
34208.616812,1,1001108,461,1501200,-1
34208.621617,1,1001109,144,1498500,-1
34208.631929,1,1001110,246,1495000,1
34208.646151,1,1001111,259,1498900,-1
34208.653028,1,1001112,92,1500900,-1
34208.664631,1,1001113,213,1495600,1
34208.673236,1,1001114,187,1500200,-1
34208.674613,1,1001115,452,1499500,-1
34208.683150,1,1001116,106,1499200,-1
34208.690199,1,1001117,498,1497600,1
34208.695317,1,1001118,40,1497400,1
34208.700306,1,1001119,145,1495700,1
34208.704157,1,1001120,309,1496600,1
34208.710480,1,1001121,423,1500500,-1
34208.720674,1,1001122,224,1498800,-1
34208.733135,1,1001123,475,1497000,1
34208.737276,1,1001124,477,1495900,1
34208.743389,1,1001125,227,1500500,-1
34208.755880,1,1001126,84,1495900,1
34208.763736,1,1001127,297,1495000,1
34208.777255,1,1001128,96,1496200,1
34208.785121,1,1001129,356,1495400,1
34208.790866,1,1001130,94,1496300,1
34208.793412,1,1001131,371,1494100,1
34208.806516,1,1001132,11,1496800,1
34208.818193,1,1001133,424,1500700,-1
34208.832285,1,1001134,251,1495700,1
34208.842120,1,1001135,127,1494200,1
34208.845099,1,1001136,388,1495000,1
34208.845225,1,1001137,93,1494700,1
34208.857043,1,1001138,306,1497400,1
34208.864232,1,1001139,252,1498400,-1
34208.877467,1,1001140,328,1495500,1
34208.889412,1,1001141,340,1496800,1
34208.894886,1,1001142,499,1500000,-1
34208.908642,1,1001143,432,1501200,-1
34208.921044,1,1001144,153,1498400,-1
34208.932510,1,1001145,420,1496700,1
34208.935061,1,1001146,243,1495400,1
34208.944694,1,1001147,152,1495300,1
34208.947029,1,1001148,409,1500800,-1
34208.948500,1,1001149,284,1499800,-1
34208.951391,1,1001150,86,1499300,-1
34208.956124,1,1001151,105,1495600,1
34208.969959,1,1001152,44,1495000,1
34208.971055,1,1001153,284,1498200,1
34208.975172,1,1001154,297,1500800,-1
34208.980211,1,1001155,162,1495800,1
34208.991882,1,1001156,88,1500600,-1
34209.000707,1,1001157,293,1499900,-1
34209.003814,1,1001158,333,1496600,1
34209.011064,1,1001159,121,1501500,-1
34209.015008,1,1001160,144,1501300,-1
34209.020400,1,1001161,266,1495600,1
34209.027882,1,1001162,29,1496200,1
34209.042341,1,1001163,83,1495800,1
34209.057328,1,1001164,314,1495900,1
34209.070176,1,1001165,456,1498600,-1
34209.074652,1,1001166,422,1501300,-1
34209.075494,1,1001167,414,1497500,1
34209.078936,1,1001168,45,1497600,1
34209.083854,1,1001169,281,1498900,-1
34209.092794,1,1001170,321,1499000,-1
34209.107713,1,1001171,317,1494500,1
34209.122345,1,1001172,325,1495600,1
34209.127088,1,1001173,250,1499800,-1
34209.128887,1,1001174,341,1498300,-1
34209.142238,1,1001175,462,1497100,1
34209.151277,1,1001176,92,1496700,1
34209.165609,1,1001177,358,1496000,1
34209.177750,1,1001178,411,1497300,1
34209.184959,1,1001179,197,1501100,-1
34209.195923,1,1001180,359,1497000,1
34209.210444,1,1001181,34,1497300,1
34209.221114,1,1001182,107,1500400,-1
34209.226703,1,1001183,144,1499100,-1
34209.229024,1,1001184,103,1500900,-1
34209.237612,1,1001185,414,1500300,-1
34209.240836,1,1001186,86,1499800,-1
34209.248341,1,1001187,192,1497100,1
34209.263332,1,1001188,461,1500300,-1
34209.269281,1,1001189,243,1494700,1
34209.271958,1,1001190,53,1496000,1
34209.277258,1,1001191,14,1501400,-1
34209.282485,1,1001192,177,1499300,-1
34209.284420,1,1001193,435,1498300,-1
34209.290773,1,1001194,410,1495100,1
34209.304115,1,1001195,50,1498200,-1
34209.317726,1,1001196,157,1496900,1
34209.325386,1,1001197,63,1495900,1
34209.336821,1,1001198,121,1495800,1
34209.341081,1,1001199,433,1498900,-1
34209.347192,1,1001200,323,1500100,-1
34209.361145,1,1001201,57,1498600,-1
34209.373903,1,1001202,297,1496100,1
34209.387554,1,1001203,435,1496200,1
34209.394017,1,1001204,226,1495900,1
34209.408380,1,1001205,418,1500000,-1
34209.415310,1,1001206,427,1495600,1
34209.428007,1,1001207,63,1500000,-1
34209.433418,1,1001208,98,1494200,1
34209.442823,1,1001209,38,1498700,-1
34209.449395,1,1001210,347,1494900,1
34209.453116,1,1001211,90,1498400,-1
34209.457256,1,1001212,374,1497200,-1
34209.469130,1,1001213,242,1494700,1
34209.477848,1,1001214,236,1497800,-1
34209.489968,1,1001215,362,1494700,1
34209.492935,1,1001216,303,1493700,1
34209.502452,1,1001217,101,1497000,-1
34209.503255,1,1001218,389,1495900,1
34209.511294,1,1001219,20,1499800,-1
34209.516275,1,1001220,73,1494100,1
34209.527419,1,1001221,253,1496300,1
34209.536529,1,1001222,416,1495700,1
34209.546287,1,1001223,394,1496900,-1
34209.552349,1,1001224,392,1498100,-1
34209.560862,1,1001225,436,1497800,-1
34209.562311,1,1001226,267,1497900,-1
34209.570278,1,1001227,70,1495500,1
34209.572750,1,1001228,256,1498600,-1
34209.575745,1,1001229,128,1498000,-1
34209.583654,1,1001230,238,1496800,1
34209.590303,1,1001231,77,1497500,-1
34209.599968,1,1001232,360,1495600,1
34209.606451,1,1001233,219,1498100,-1
34209.619475,1,1001234,312,1498300,-1
34209.630287,1,1001235,325,1498300,-1
34209.632171,1,1001236,105,1500400,-1
34209.633548,1,1001237,380,1494100,1
34209.642716,1,1001238,122,1496500,1
34209.645668,1,1001239,206,1499000,-1
34209.658191,1,1001240,197,1498100,-1
34209.669020,1,1001241,348,1498500,-1
34209.676270,1,1001242,486,1494000,1
34209.688665,1,1001243,477,1495600,1
34209.697103,1,1001244,194,1500200,-1
34209.697860,1,1001245,76,1499600,-1
34209.704611,1,1001246,272,1494200,1
34209.705759,1,1001247,179,1499600,-1
34209.718950,1,1001248,223,1493900,1
34209.728903,1,1001249,389,1496600,1
34209.732200,1,1001250,149,1499700,-1
34209.746010,1,1001251,204,1495600,1
34209.755170,1,1001252,14,1494600,1
34209.758271,1,1001253,109,1493000,1
34209.768217,1,1001254,170,1494700,1
34209.768667,1,1001255,364,1493500,1
34209.777318,1,1001256,471,1495600,1
34209.784778,1,1001257,87,1498600,-1
34209.796745,1,1001258,140,1493500,1
34209.803443,1,1001259,409,1496900,-1
34209.812415,1,1001260,448,1498900,-1
34209.812980,1,1001261,116,1496900,-1
34209.817609,1,1001262,29,1495900,1
34209.817867,1,1001263,247,1499100,-1
34209.818626,1,1001264,66,1497700,-1
34209.831199,1,1001265,60,1499000,-1
34209.841637,1,1001266,342,1495000,1
34209.842682,1,1001267,489,1494300,1
34209.847456,1,1001268,386,1495500,1
34209.854116,1,1001269,426,1494600,1
34209.857899,1,1001270,65,1499000,-1
34209.868411,1,1001271,437,1495700,1
34209.880515,1,1001272,493,1493800,1
34209.882344,1,1001273,118,1498900,-1
34209.887657,1,1001274,452,1494500,1
34209.898244,1,1001275,120,1497600,-1
34209.907224,1,1001276,305,1498800,-1
34209.910943,1,1001277,453,1495600,1
34209.918563,1,1001278,113,1497000,-1
34209.923546,1,1001279,421,1493200,1
34209.932047,1,1001280,45,1495100,1
34209.933765,1,1001281,452,1495600,1
34209.947885,1,1001282,26,1492800,1
34209.951473,1,1001283,249,1494600,1
34209.957274,1,1001284,25,1498500,-1
34209.967948,1,1001285,456,1493900,1
34209.968163,1,1001286,444,1497000,-1
34209.974333,1,1001287,199,1495300,1
34209.981006,1,1001288,184,1497100,-1
34209.995710,1,1001289,48,1495800,1
34210.009391,1,1001290,271,1497500,-1
34210.022262,1,1001291,238,1493400,1
34210.022944,1,1001292,173,1497700,-1
34210.032410,1,1001293,440,1496600,1
34210.036464,1,1001294,215,1497100,-1
34210.043133,1,1001295,24,1499000,-1
34210.054693,1,1001296,354,1495800,1
34210.057861,1,1001297,497,1494000,1
34210.066843,1,1001298,276,1498000,-1
34210.076049,1,1001299,490,1495900,1
34210.081187,1,1001300,472,1498500,-1
34210.085388,1,1001301,154,1494600,1
34210.099733,1,1001302,477,1498400,-1
34210.106329,1,1001303,41,1499700,-1
34210.120896,1,1001304,148,1499900,-1
34210.130471,1,1001305,180,1495600,1
34210.142513,1,1001306,290,1494300,1
34210.152995,1,1001307,207,1497600,-1
34210.156015,1,1001308,329,1496100,1
34210.167797,1,1001309,342,1495100,1
34210.181977,1,1001310,161,1498900,-1
34210.195813,1,1001311,20,1497200,-1
34210.206875,1,1001312,482,1496300,1
34210.216442,1,1001313,144,1498000,-1
34210.222726,1,1001314,265,1498600,-1
34210.232172,1,1001315,449,1493300,1
34210.246209,1,1001316,322,1496700,-1
34210.251106,1,1001317,67,1493200,1
34210.258810,1,1001318,479,1495100,1
34210.262120,1,1001319,261,1499600,-1
34210.270620,1,1001320,97,1495300,1
34210.278504,1,1001321,113,1500200,-1
34210.280053,1,1001322,464,1498100,-1
34210.284913,1,1001323,386,1493500,1
34210.296160,1,1001324,224,1494800,1
34210.304279,1,1001325,37,1495800,1
34210.304470,1,1001326,165,1498700,-1
34210.313143,1,1001327,310,1498500,-1
34210.327783,1,1001328,290,1493400,1
34210.339316,1,1001329,324,1499600,-1
34210.352730,1,1001330,485,1498100,-1
34210.363124,1,1001331,467,1493900,1
34210.373606,1,1001332,497,1499900,-1
34210.380393,1,1001333,367,1497000,-1
34210.386854,1,1001334,299,1495200,1
34210.392787,1,1001335,28,1499600,-1
34210.403669,1,1001336,65,1498900,-1
34210.403951,1,1001337,199,1495300,1
34210.410471,1,1001338,93,1497800,-1
34210.415616,1,1001339,444,1496000,1
34210.416552,1,1001340,171,1494600,1
34210.419945,1,1001341,226,1496500,1
34210.432902,1,1001342,402,1496200,1
34210.434156,1,1001343,193,1499500,-1
34210.449006,1,1001344,194,1498600,-1
34210.451363,1,1001345,247,1493800,1
34210.457441,1,1001346,227,1497800,-1
34210.463484,1,1001347,415,1495000,1
34210.468078,1,1001348,483,1495100,1
34210.474189,1,1001349,374,1495200,1
34210.481002,1,1001350,433,1494800,1
34210.492376,1,1001351,318,1500300,-1
34210.495070,1,1001352,452,1499900,-1
34210.503018,1,1001353,242,1498700,-1
34210.505033,1,1001354,453,1494200,1
34210.506832,1,1001355,414,1494400,1
34210.518666,1,1001356,463,1497500,-1
34210.521400,1,1001357,189,1495800,1
34210.532049,1,1001358,335,1499900,-1
34210.544569,1,1001359,422,1493500,1
34210.545632,1,1001360,100,1499700,-1
34210.556833,1,1001361,92,1494500,1
34210.561636,1,1001362,188,1495100,1
34210.575558,1,1001363,38,1497200,-1
34210.580348,1,1001364,198,1495200,1
34210.586151,1,1001365,377,1496300,1
34210.596541,1,1001366,288,1500000,-1
34210.602240,1,1001367,371,1493700,1
34210.608213,1,1001368,145,1497300,-1
34210.618985,1,1001369,125,1499400,-1
34210.627955,1,1001370,286,1493300,1
34210.635674,1,1001371,330,1498000,-1
34210.646569,1,1001372,351,1499200,-1
34210.660056,1,1001373,225,1497600,-1
34210.673682,1,1001374,283,1495100,1
34210.679548,1,1001375,321,1498900,-1
34210.685601,1,1001376,393,1500000,-1
34210.690697,1,1001377,328,1499700,-1
34210.696970,1,1001378,86,1494600,1
34210.698381,1,1001379,445,1493300,1
34210.704504,1,1001380,483,1498700,-1
34210.709422,1,1001381,247,1499900,-1
34210.719327,1,1001382,164,1496300,1
34210.720269,1,1001383,98,1495200,1
34210.720993,1,1001384,109,1498400,-1
34210.726303,1,1001385,123,1493900,1
34210.730665,1,1001386,418,1495300,1
34210.738644,1,1001387,56,1499100,-1
34210.750611,1,1001388,444,1496200,1
34210.765490,1,1001389,72,1498600,-1
34210.777274,1,1001390,90,1500700,-1
34210.781241,1,1001391,43,1499700,-1
34210.795729,1,1001392,212,1498600,-1
34210.796382,1,1001393,458,1495800,1
34210.808417,1,1001394,162,1496100,1
34210.822992,1,1001395,91,1500600,-1
34210.830399,1,1001396,315,1495800,1
34210.831960,1,1001397,334,1496200,1
34210.835816,1,1001398,334,1500500,-1
34210.843836,1,1001399,104,1498700,-1
34210.849516,1,1001400,21,1494600,1
34210.862886,1,1001401,212,1499200,-1
34210.877381,1,1001402,479,1500100,-1
34210.887626,1,1001403,359,1498900,-1
34210.892721,1,1001404,24,1499200,-1
34210.904977,1,1001405,177,1499800,-1
34210.915994,1,1001406,105,1498400,-1
34210.922212,1,1001407,84,1495700,1
34210.926683,1,1001408,499,1498700,-1
34210.937660,1,1001409,210,1498300,-1
34210.950382,1,1001410,276,1494400,1
34210.960901,1,1001411,435,1499300,-1
34210.973375,1,1001412,60,1500200,-1
34210.974782,1,1001413,153,1499900,-1
34210.985767,1,1001414,97,1498500,-1
34210.999352,1,1001415,49,1495000,1
34211.003721,1,1001416,198,1500800,-1
34211.008273,1,1001417,391,1495900,1
34211.013918,1,1001418,341,1500800,-1
34211.018820,1,1001419,399,1495200,1
34211.029453,1,1001420,231,1494800,1
34211.035837,1,1001421,403,1500400,-1
34211.047996,1,1001422,157,1496700,1
34211.049724,1,1001423,129,1498700,-1
34211.053541,1,1001424,284,1500000,-1
34211.055838,1,1001425,365,1499500,-1
34211.067363,1,1001426,459,1497200,1
34211.072642,1,1001427,175,1494500,1
34211.082511,1,1001428,352,1499500,-1
34211.094562,1,1001429,12,1494200,1
34211.096259,1,1001430,183,1499700,-1
34211.098638,1,1001431,24,1498500,-1
34211.099228,1,1001432,397,1496700,1
34211.100629,1,1001433,32,1501000,-1
34211.107875,1,1001434,279,1494800,1
34211.109957,1,1001435,483,1498600,-1
34211.114544,1,1001436,193,1496600,1
34211.118269,1,1001437,441,1494000,1
34211.128702,1,1001438,460,1494500,1
34211.132323,1,1001439,294,1495400,1
34211.138614,1,1001440,152,1498700,-1
34211.139127,1,1001441,78,1495300,1
34211.153943,1,1001442,63,1498600,-1
34211.167211,1,1001443,144,1499400,-1
34211.179353,1,1001444,337,1499700,-1
34211.183426,1,1001445,460,1495500,1
34211.189371,1,1001446,308,1498200,-1
34211.194724,1,1001447,241,1493900,1
34211.195266,1,1001448,453,1499400,-1
34211.201562,1,1001449,33,1499500,-1
34211.202690,1,1001450,248,1500000,-1
34211.206243,1,1001451,231,1493700,1
34211.219257,1,1001452,291,1498000,-1
34211.231044,1,1001453,402,1499200,-1
34211.240999,1,1001454,202,1498600,-1
34211.241123,1,1001455,439,1499900,-1
34211.244250,1,1001456,43,1499500,-1
34211.253190,1,1001457,246,1494800,1
34211.257605,1,1001458,358,1499200,-1
34211.261736,1,1001459,376,1500100,-1
34211.264628,1,1001460,421,1499900,-1
34211.275995,1,1001461,213,1494800,1
34211.284278,1,1001462,59,1499300,-1
34211.288692,1,1001463,403,1494400,1
34211.299383,1,1001464,133,1493300,1
34211.308364,1,1001465,452,1499600,-1
34211.321741,1,1001466,388,1499100,-1
34211.324722,1,1001467,379,1497300,-1
34211.325167,1,1001468,393,1496300,1
34211.339598,1,1001469,240,1493500,1
34211.345920,1,1001470,430,1498900,-1
34211.348271,1,1001471,350,1499400,-1
34211.354414,1,1001472,70,1500200,-1
34211.366062,1,1001473,63,1498100,-1
34211.379911,1,1001474,358,1498600,-1
34211.388246,1,1001475,20,1494100,1
34211.394861,1,1001476,468,1497800,-1
34211.395868,1,1001477,456,1498200,-1
34211.402665,1,1001478,129,1499800,-1
34211.406667,1,1001479,37,1497500,-1
34211.414364,1,1001480,342,1498100,-1
34211.414715,1,1001481,182,1495500,1
34211.418090,1,1001482,479,1496600,1
34211.427102,1,1001483,405,1500200,-1
34211.430776,1,1001484,249,1497600,-1
34211.431074,1,1001485,149,1494900,1
34211.442419,1,1001486,186,1495300,1
34211.453193,1,1001487,349,1494100,1
34211.465577,1,1001488,40,1500100,-1
34211.478890,1,1001489,461,1494800,1
34211.480006,1,1001490,86,1497700,-1
34211.485552,1,1001491,96,1498600,-1
34211.486176,1,1001492,446,1499100,-1
34211.490076,1,1001493,202,1495500,1
34211.502529,1,1001494,328,1495300,1
34211.510706,1,1001495,331,1499400,-1
34211.522799,1,1001496,200,1495600,1
34211.532968,1,1001497,233,1500000,-1
34211.534027,1,1001498,62,1499300,-1
34211.538310,1,1001499,300,1496100,1
34211.548654,1,1001500,311,1498700,-1
34211.558776,1,1001501,307,1493600,1
34211.565424,1,1001502,378,1499000,-1
34211.577722,1,1001503,37,1499000,-1
34211.584903,1,1001504,500,1498400,-1
34211.592821,1,1001505,271,1493600,1
34211.607203,1,1001506,145,1495600,1
34211.621799,1,1001507,393,1498700,-1
34211.624568,1,1001508,438,1497100,-1
34211.636390,1,1001509,96,1497700,-1
34211.638888,1,1001510,152,1497000,-1
34211.650253,1,1001511,468,1495400,1
34211.658034,1,1001512,351,1493800,1
34211.670505,1,1001513,411,1495900,1
34211.674155,1,1001514,420,1497400,-1
34211.683696,1,1001515,289,1497300,-1
34211.697838,1,1001516,63,1495500,1
34211.702466,1,1001517,427,1494200,1
34211.712244,1,1001518,182,1493400,1
34211.720159,1,1001519,394,1494500,1
34211.732320,1,1001520,193,1495300,1
34211.744451,1,1001521,95,1493100,1
34211.750291,1,1001522,120,1493100,1
34211.760239,1,1001523,311,1494500,1
34211.761340,1,1001524,62,1499600,-1
34211.763231,1,1001525,254,1494100,1
34211.769605,1,1001526,446,1498300,-1
34211.780542,1,1001527,82,1493600,1
34211.784954,1,1001528,377,1496500,-1
34211.794552,1,1001529,305,1499500,-1
34211.801310,1,1001530,270,1493200,1
34211.807128,1,1001531,151,1495100,1
34211.819981,1,1001532,225,1496600,-1
34211.827310,1,1001533,130,1494100,1
34211.829316,1,1001534,239,1498400,-1
34211.836880,1,1001535,217,1494200,1
34211.846028,1,1001536,336,1498200,-1
34211.851690,1,1001537,432,1495800,1
34211.853628,1,1001538,175,1494100,1
34211.860952,1,1001539,383,1494800,1
34211.865860,1,1001540,291,1494400,1
34211.880859,1,1001541,363,1499500,-1
34211.888217,1,1001542,154,1498900,-1
34211.896042,1,1001543,27,1495000,1
34211.897408,1,1001544,108,1497800,-1
34211.909425,1,1001545,379,1493200,1
34211.914520,1,1001546,426,1495200,1
34211.929126,1,1001547,19,1497000,-1
34211.929788,1,1001548,52,1499600,-1
34211.941302,1,1001549,259,1494100,1
34211.951341,1,1001550,254,1493600,1
34211.951949,1,1001551,386,1497600,-1
34211.964829,1,1001552,455,1496400,1
34211.964947,1,1001553,131,1499200,-1
34211.972549,1,1001554,361,1493900,1
34211.981238,1,1001555,211,1497100,-1
34211.987811,1,1001556,380,1498100,-1
34212.001104,1,1001557,228,1494000,1
34212.009468,1,1001558,337,1496600,-1
34212.019665,1,1001559,193,1494400,1
34212.034113,1,1001560,428,1493900,1
34212.047220,1,1001561,153,1494100,1
34212.059228,1,1001562,411,1492800,1
34212.065895,1,1001563,289,1492900,1
34212.067003,1,1001564,266,1494300,1
34212.068051,1,1001565,202,1492900,1
34212.070890,1,1001566,352,1497400,-1
34212.084293,1,1001567,168,1493500,1
34212.095849,1,1001568,37,1493500,1
34212.110230,1,1001569,495,1497200,-1
34212.116053,1,1001570,232,1494300,1
34212.121848,1,1001571,196,1493400,1
34212.136563,1,1001572,385,1493100,1
34212.151106,1,1001573,428,1494100,1
34212.154044,1,1001574,348,1493100,1
34212.166637,1,1001575,147,1492500,1
34212.171971,1,1001576,377,1498100,-1
34212.184925,1,1001577,145,1498400,-1
34212.193352,1,1001578,37,1498900,-1
34212.199322,1,1001579,202,1494300,1
34212.202355,1,1001580,140,1495700,1
34212.203363,1,1001581,485,1497300,-1
34212.204957,1,1001582,366,1496900,-1
34212.212756,1,1001583,87,1497100,-1
34212.215392,1,1001584,152,1497000,-1
34212.223998,1,1001585,451,1494400,1
34212.228723,1,1001586,51,1499900,-1
34212.240849,1,1001587,376,1495400,1
34212.242774,1,1001588,11,1495700,1
34212.244372,1,1001589,185,1499300,-1
34212.246402,1,1001590,301,1493400,1
34212.257321,1,1001591,187,1495600,1
34212.266187,1,1001592,161,1494800,1
34212.269285,1,1001593,274,1499400,-1
34212.269938,1,1001594,405,1495000,1
34212.277909,1,1001595,434,1498500,-1
34212.281425,1,1001596,137,1496200,-1
34212.292893,1,1001597,333,1496600,-1
34212.293427,1,1001598,153,1498900,-1
34212.307310,1,1001599,299,1498000,-1
34212.315557,1,1001600,375,1493700,1
34212.325895,1,1001601,45,1494400,1
34212.332304,1,1001602,320,1494300,1
34212.341322,1,1001603,392,1495500,1
34212.355992,1,1001604,289,1498500,-1
34212.360360,1,1001605,400,1495200,1
34212.361831,1,1001606,394,1495100,1
34212.368068,1,1001607,171,1498000,-1
34212.371640,1,1001608,180,1494200,1
34212.379131,1,1001609,430,1496700,-1
34212.386751,1,1001610,387,1498800,-1
34212.401466,1,1001611,69,1499600,-1
34212.406338,1,1001612,245,1495400,1
34212.419706,1,1001613,145,1495100,1
34212.420405,1,1001614,166,1494600,1
34212.424791,1,1001615,427,1499100,-1
34212.430693,1,1001616,403,1495200,1
34212.441861,1,1001617,228,1495100,1
34212.451929,1,1001618,10,1494300,1
34212.455466,1,1001619,350,1493900,1
34212.467410,1,1001620,22,1496700,-1
34212.480367,1,1001621,388,1494700,1
34212.494003,1,1001622,60,1496600,-1
34212.502697,1,1001623,63,1494600,1
34212.514048,1,1001624,391,1497100,-1
34212.519106,1,1001625,275,1495200,1
34212.525363,1,1001626,42,1497200,-1
34212.532583,1,1001627,72,1494000,1
34212.545841,1,1001628,105,1494500,1
34212.559075,1,1001629,258,1492600,1
34212.563672,1,1001630,168,1498800,-1
34212.564166,1,1001631,280,1495800,-1
34212.565714,1,1001632,192,1492300,1
34212.567443,1,1001633,448,1497900,-1
34212.578368,1,1001634,277,1493200,1
34212.586541,1,1001635,341,1497900,-1
34212.598747,1,1001636,441,1497400,-1
34212.601750,1,1001637,386,1494800,1
34212.611790,1,1001638,41,1495900,-1
34212.620833,1,1001639,152,1497600,-1
34212.631956,1,1001640,127,1498000,-1
34212.632352,1,1001641,448,1497000,-1
34212.637244,1,1001642,424,1499000,-1
34212.645856,1,1001643,498,1498200,-1
34212.653495,1,1001644,249,1493100,1
34212.661645,1,1001645,299,1493600,1
34212.673096,1,1001646,17,1496200,-1
34212.686142,1,1001647,467,1495000,1
34212.695251,1,1001648,161,1496300,-1
34212.706048,1,1001649,128,1494300,1
34212.715895,1,1001650,428,1495800,-1
34212.716651,1,1001651,477,1492900,1
34212.718886,1,1001652,78,1493400,1
34212.733385,1,1001653,278,1492800,1
34212.737436,1,1001654,268,1495100,1
34212.739992,1,1001655,265,1498000,-1
34212.743087,1,1001656,69,1492500,1
34212.754605,1,1001657,460,1493000,1
34212.768019,1,1001658,491,1497800,-1
34212.779787,1,1001659,272,1495000,1
34212.792380,1,1001660,424,1493100,1
34212.805762,1,1001661,428,1494200,1
34212.814205,1,1001662,323,1493500,1
34212.815148,1,1001663,144,1496500,-1
34212.828573,1,1001664,65,1495200,1
34212.838450,1,1001665,285,1498400,-1
34212.847789,1,1001666,365,1496600,-1
34212.856052,1,1001667,351,1492400,1
34212.862821,1,1001668,74,1495100,1
34212.876003,1,1001669,26,1499100,-1
34212.879820,1,1001670,129,1497800,-1
34212.882803,1,1001671,392,1493200,1
34212.888056,1,1001672,46,1498400,-1
34212.893115,1,1001673,487,1495400,1
34212.896403,1,1001674,281,1498100,-1
34212.904393,1,1001675,276,1493600,1
34212.906742,1,1001676,394,1495800,1
34212.914957,1,1001677,228,1493600,1
34212.920969,1,1001678,412,1495700,1
34212.921346,1,1001679,350,1494100,1
34212.927597,1,1001680,169,1499300,-1
34212.941111,1,1001681,199,1495300,1
34212.945870,1,1001682,430,1495300,1
34212.950758,1,1001683,150,1495800,1
34212.963062,1,1001684,101,1496300,1
34212.970625,1,1001685,238,1493300,1
34212.972776,1,1001686,94,1495400,1
34212.982059,1,1001687,329,1493800,1
34212.985575,1,1001688,179,1495400,1
34212.990196,1,1001689,84,1493700,1
34213.002099,1,1001690,252,1494900,1
34213.006419,1,1001691,92,1493400,1
34213.017479,1,1001692,442,1494600,1
34213.020977,1,1001693,229,1495900,1
34213.025619,1,1001694,218,1496900,-1
34213.028745,1,1001695,24,1493800,1
34213.042203,1,1001696,128,1497900,-1
34213.052895,1,1001697,270,1493800,1
34213.059530,1,1001698,233,1497200,-1
34213.066887,1,1001699,379,1494200,1
34213.070736,1,1001700,190,1497800,-1
34213.071385,1,1001701,491,1498500,-1
34213.085899,1,1001702,33,1493000,1
34213.087845,1,1001703,148,1496000,-1
34213.089962,1,1001704,461,1492400,1
34213.099998,1,1001705,270,1494600,1
34213.111563,1,1001706,130,1496600,-1
34213.112469,1,1001707,240,1494000,1
34213.127215,1,1001708,350,1492500,1
34213.140820,1,1001709,264,1497600,-1
34213.150614,1,1001710,81,1496600,-1
34213.161667,1,1001711,468,1498500,-1
34213.166815,1,1001712,399,1493800,1
34213.178309,1,1001713,394,1498500,-1
34213.188461,1,1001714,228,1495400,1
34213.203243,1,1001715,205,1495000,1
34213.212732,1,1001716,110,1498000,-1
34213.215945,1,1001717,424,1495000,1
34213.223424,1,1001718,396,1494100,1
34213.223566,1,1001719,346,1494600,1
34213.230048,1,1001720,100,1496200,1
34213.233657,1,1001721,74,1497300,-1
34213.241010,1,1001722,292,1499200,-1
34213.253091,1,1001723,208,1496600,-1
34213.253343,1,1001724,155,1494900,1
34213.266788,1,1001725,224,1495000,1
34213.280005,1,1001726,242,1497400,-1
34213.293287,1,1001727,478,1498600,-1
34213.305871,1,1001728,255,1497900,-1
34213.314015,1,1001729,99,1494200,1
34213.328830,1,1001730,485,1493800,1
34213.336810,1,1001731,177,1498700,-1
34213.351258,1,1001732,361,1496200,1
34213.358638,1,1001733,139,1497300,-1
34213.371301,1,1001734,54,1497700,-1
34213.374862,1,1001735,141,1494000,1
34213.384675,1,1001736,402,1496700,1
34213.387436,1,1001737,446,1499900,-1
34213.398432,1,1001738,365,1499300,-1
34213.401867,1,1001739,135,1497700,-1
34213.406806,1,1001740,486,1498300,-1
34213.421144,1,1001741,108,1499300,-1
34213.425450,1,1001742,489,1497900,-1
34213.438856,1,1001743,54,1493300,1
34213.448349,1,1001744,155,1498300,-1
34213.452375,1,1001745,52,1497200,-1
34213.466682,1,1001746,438,1496400,-1
34213.480486,1,1001747,373,1496900,-1
34213.488761,1,1001748,480,1495100,1
34213.499249,1,1001749,205,1497400,-1
34213.500781,1,1001750,435,1495400,1
34213.505281,1,1001751,60,1495300,1
34213.515689,1,1001752,399,1493900,1
34213.526614,1,1001753,296,1495400,1
34213.540961,1,1001754,196,1492900,1
34213.553197,1,1001755,391,1496600,-1
34213.568099,1,1001756,227,1497600,-1
34213.573918,1,1001757,402,1494000,1
34213.587715,1,1001758,316,1498200,-1
34213.592893,1,1001759,447,1499000,-1
34213.607240,1,1001760,381,1497100,-1
34213.619674,1,1001761,222,1497100,-1
34213.621045,1,1001762,363,1494700,1
34213.627023,1,1001763,47,1495200,1
34213.627991,1,1001764,306,1498800,-1
34213.641525,1,1001765,126,1499600,-1
34213.652702,1,1001766,237,1496300,1
34213.664251,1,1001767,251,1500100,-1
34213.668392,1,1001768,489,1496200,1
34213.675824,1,1001769,148,1494200,1
34213.679652,1,1001770,438,1498000,-1
34213.688133,1,1001771,282,1499700,-1
34213.688479,1,1001772,113,1493800,1
34213.694510,1,1001773,14,1495300,1
34213.706304,1,1001774,209,1495000,1
34213.716426,1,1001775,132,1495800,1
34213.719440,1,1001776,93,1493800,1
34213.727549,1,1001777,396,1494900,1
34213.733958,1,1001778,127,1495700,1
34213.740626,1,1001779,308,1499000,-1
34213.745816,1,1001780,429,1497500,-1
34213.759883,1,1001781,84,1494100,1
34213.768932,1,1001782,274,1494500,1
34213.773714,1,1001783,263,1499200,-1
34213.784355,1,1001784,148,1498200,-1
34213.798043,1,1001785,250,1498300,-1
34213.810173,1,1001786,252,1499900,-1
34213.817225,1,1001787,270,1498100,-1
34213.820084,1,1001788,194,1495500,1
34213.820358,1,1001789,245,1493900,1
34213.827400,1,1001790,128,1500100,-1
34213.839385,1,1001791,436,1495500,1
34213.841174,1,1001792,173,1496500,1
34213.841949,1,1001793,196,1495500,1
34213.853270,1,1001794,256,1495100,1
34213.864903,1,1001795,306,1494800,1
34213.878325,1,1001796,321,1498600,-1
34213.886714,1,1001797,273,1499400,-1
34213.901534,1,1001798,465,1493900,1
34213.902271,1,1001799,209,1497200,-1
34213.910748,1,1001800,133,1494000,1
34213.912584,1,1001801,275,1498500,-1
34213.918221,1,1001802,29,1495700,1
34213.927945,1,1001803,17,1499200,-1
34213.936538,1,1001804,431,1495100,1
34213.944978,1,1001805,465,1494600,1
34213.957503,1,1001806,340,1497100,-1
34213.969577,1,1001807,115,1499900,-1
34213.983657,1,1001808,44,1499400,-1
34213.984358,1,1001809,496,1495200,1
34213.993538,1,1001810,78,1499800,-1
34214.001749,1,1001811,492,1494400,1
34214.005467,1,1001812,327,1496100,1
34214.018234,1,1001813,251,1497500,-1
34214.032870,1,1001814,197,1500400,-1
34214.039866,1,1001815,452,1498200,-1
34214.041478,1,1001816,54,1499200,-1
34214.054279,1,1001817,118,1495500,1
34214.061926,1,1001818,332,1499700,-1
34214.068427,1,1001819,408,1499100,-1
34214.072186,1,1001820,255,1494600,1
34214.077934,1,1001821,180,1495400,1
34214.079394,1,1001822,446,1498900,-1
34214.085183,1,1001823,420,1496000,1
34214.088428,1,1001824,377,1495900,1
34214.096986,1,1001825,397,1500700,-1
34214.099261,1,1001826,320,1499200,-1
34214.109437,1,1001827,335,1500200,-1
34214.114832,1,1001828,405,1499900,-1
34214.125124,1,1001829,335,1501200,-1
34214.138239,1,1001830,72,1499800,-1
34214.148466,1,1001831,400,1501100,-1
34214.160469,1,1001832,431,1495200,1
34214.173509,1,1001833,356,1500000,-1
34214.176823,1,1001834,240,1499200,-1
34214.188543,1,1001835,274,1502100,-1
34214.191383,1,1001836,83,1501800,-1
34214.199013,1,1001837,361,1494700,1
34214.201241,1,1001838,11,1499100,-1
34214.206887,1,1001839,426,1499200,-1
34214.221075,1,1001840,376,1498600,-1
34214.234341,1,1001841,409,1499400,-1
34214.242359,1,1001842,427,1499400,-1
34214.247444,1,1001843,322,1496900,1
34214.258131,1,1001844,219,1501100,-1
34214.265581,1,1001845,55,1499600,-1
34214.273626,1,1001846,137,1497200,1
34214.284696,1,1001847,95,1495400,1
34214.291582,1,1001848,325,1495800,1
34214.293801,1,1001849,204,1497100,1
34214.297020,1,1001850,272,1499000,-1
34214.297459,1,1001851,112,1499000,-1
34214.312014,1,1001852,263,1497700,1
34214.316017,1,1001853,267,1499600,-1
34214.323693,1,1001854,375,1500900,-1
34214.338318,1,1001855,421,1497000,1
34214.346653,1,1001856,114,1496600,1
34214.353147,1,1001857,285,1501600,-1
34214.359142,1,1001858,407,1497000,1
34214.372637,1,1001859,430,1497700,1
34214.387376,1,1001860,396,1497900,1
34214.400590,1,1001861,339,1499400,-1
34214.402598,1,1001862,125,1496000,1
34214.412179,1,1001863,445,1496800,1
34214.413117,1,1001864,304,1496900,1
34214.424018,1,1001865,338,1497700,1
34214.433034,1,1001866,404,1495600,1
34214.435626,1,1001867,57,1498600,1
34214.437659,1,1001868,406,1500200,-1
34214.440447,1,1001869,424,1501000,-1
34214.444311,1,1001870,162,1499000,1
34214.457629,1,1001871,394,1497400,1
34214.467184,1,1001872,69,1501600,-1
34214.473302,1,1001873,346,1498600,1
34214.476670,1,1001874,201,1497300,1
34214.483078,1,1001875,427,1502700,-1
34214.485240,1,1001876,330,1501500,-1
34214.488237,1,1001877,250,1498800,1
34214.495197,1,1001878,424,1497500,1
34214.507639,1,1001879,116,1496900,1
34214.512002,1,1001880,468,1498600,1
34214.517941,1,1001881,83,1500200,-1
34214.522739,1,1001882,173,1498300,1
34214.527463,1,1001883,232,1496400,1
34214.537779,1,1001884,19,1500900,-1
34214.539718,1,1001885,267,1502300,-1
34214.553349,1,1001886,46,1501200,-1
34214.554116,1,1001887,92,1499400,1
34214.565098,1,1001888,375,1500700,-1
34214.573156,1,1001889,311,1497900,1
34214.587396,1,1001890,394,1501600,-1
34214.594285,1,1001891,424,1497700,1
34214.594442,1,1001892,164,1499900,-1
34214.595885,1,1001893,327,1503300,-1
34214.600281,1,1001894,298,1501900,-1
34214.606120,1,1001895,460,1499200,1
34214.606547,1,1001896,258,1498000,1
34214.611114,1,1001897,202,1501600,-1
34214.623190,1,1001898,184,1504100,-1
34214.626403,1,1001899,327,1498600,1
34214.640531,1,1001900,239,1501000,-1
34214.648631,1,1001901,384,1499700,1
34214.654633,1,1001902,395,1501100,-1
34214.660587,1,1001903,222,1501100,-1
34214.664762,1,1001904,482,1498500,1
34214.665308,1,1001905,389,1497100,1
34214.667410,1,1001906,381,1499700,1
34214.678312,1,1001907,467,1497500,1
34214.678865,1,1001908,40,1498900,1
34214.684494,1,1001909,450,1502000,-1
34214.690741,1,1001910,74,1500300,1
34214.693135,1,1001911,196,1502800,-1
34214.698582,1,1001912,180,1498500,1
34214.698747,1,1001913,353,1498200,1
34214.713092,1,1001914,288,1500300,1
34214.719224,1,1001915,168,1499400,1
34214.721414,1,1001916,456,1503800,-1
34214.725485,1,1001917,431,1501100,-1
34214.740366,1,1001918,453,1502900,-1
34214.741276,1,1001919,268,1502900,-1
34214.742437,1,1001920,159,1499800,1
34214.756843,1,1001921,171,1498300,1
34214.757777,1,1001922,66,1497700,1
34214.764305,1,1001923,257,1498700,1
34214.777306,1,1001924,306,1502400,-1
34214.781862,1,1001925,349,1500500,1
34214.787349,1,1001926,95,1500600,1
34214.791858,1,1001927,45,1502600,-1
34214.794034,1,1001928,330,1498000,1
34214.803653,1,1001929,281,1500500,1
34214.806786,1,1001930,296,1501700,-1
34214.807418,1,1001931,47,1498600,1
34214.818282,1,1001932,412,1497500,1
34214.825615,1,1001933,191,1501200,-1
34214.832575,1,1001934,32,1504400,-1
34214.837492,1,1001935,343,1503500,-1
34214.849628,1,1001936,193,1498900,1
34214.856397,1,1001937,389,1500100,1
34214.861873,1,1001938,20,1499100,1
34214.873000,1,1001939,143,1499800,1
34214.879398,1,1001940,415,1498600,1
34214.883039,1,1001941,296,1499900,1
34214.897380,1,1001942,444,1500700,1
34214.910258,1,1001943,99,1498200,1
34214.918603,1,1001944,448,1499200,1
34214.919955,1,1001945,236,1503500,-1
34214.931230,1,1001946,99,1499100,1
34214.945093,1,1001947,192,1502600,-1
34214.951127,1,1001948,99,1497700,1
34214.960301,1,1001949,346,1499900,1
34214.965373,1,1001950,49,1502500,-1
34214.978810,1,1001951,190,1499800,1
34214.986903,1,1001952,419,1503600,-1
34214.988467,1,1001953,394,1498100,1
34214.992077,1,1001954,76,1500400,1
34214.997195,1,1001955,244,1500000,1
34215.005246,1,1001956,430,1502700,-1
34215.019647,1,1001957,93,1503000,-1
34215.031558,1,1001958,153,1502700,-1
34215.032400,1,1001959,424,1499200,1
34215.038771,1,1001960,241,1502100,-1
34215.040275,1,1001961,165,1499700,1
34215.052876,1,1001962,126,1503900,-1
34215.053317,1,1001963,472,1502900,-1
34215.067150,1,1001964,202,1497500,1
34215.071730,1,1001965,399,1502600,-1
34215.076880,1,1001966,339,1504300,-1
34215.083656,1,1001967,419,1500600,1
34215.097754,1,1001968,340,1499100,1
34215.111191,1,1001969,70,1502200,-1
34215.118338,1,1001970,451,1499700,1
34215.129581,1,1001971,434,1496800,1
34215.142923,1,1001972,156,1500400,-1
34215.152752,1,1001973,237,1500600,-1
34215.158605,1,1001974,410,1503000,-1
34215.166381,1,1001975,393,1499200,1
34215.175862,1,1001976,12,1503100,-1
34215.181556,1,1001977,245,1498800,1
34215.194944,1,1001978,166,1499800,1
34215.195718,1,1001979,112,1503500,-1
34215.198870,1,1001980,473,1500700,1
34215.202023,1,1001981,189,1498700,1
34215.207041,1,1001982,339,1499600,1
34215.214606,1,1001983,286,1498400,1
34215.221223,1,1001984,76,1502700,-1
34215.221520,1,1001985,245,1498100,1
34215.222694,1,1001986,209,1499800,1
34215.228209,1,1001987,29,1498700,1
34215.240206,1,1001988,414,1499500,1
34215.253348,1,1001989,57,1499600,1
34215.259941,1,1001990,64,1499700,1
34215.271819,1,1001991,417,1498300,1
34215.278819,1,1001992,331,1502300,-1
34215.284382,1,1001993,46,1498700,1
34215.293333,1,1001994,329,1498400,1
34215.307151,1,1001995,247,1499900,1
34215.312993,1,1001996,407,1498800,1
34215.314926,1,1001997,56,1499500,1
34215.318542,1,1001998,139,1502900,-1
34215.321284,1,1001999,123,1501200,1
34215.325169,1,1002000,296,1504300,-1
34215.338054,1,1002001,395,1500200,1
34215.346288,1,1002002,298,1500000,1
34215.360329,1,1002003,35,1502100,-1
34215.367934,1,1002004,61,1499500,1
34215.378917,1,1002005,373,1499600,1
34215.385711,1,1002006,29,1504500,-1
34215.389333,1,1002007,283,1504300,-1
34215.395641,1,1002008,287,1502600,-1
34215.407096,1,1002009,115,1503800,-1
34215.409495,1,1002010,382,1503100,-1
34215.420921,1,1002011,463,1503300,-1
34215.427977,1,1002012,141,1505000,-1
34215.437755,1,1002013,317,1502400,-1
34215.444586,1,1002014,372,1501600,1
34215.455571,1,1002015,220,1503600,-1
34215.465483,1,1002016,459,1499500,1
34215.474079,1,1002017,254,1500300,1
34215.474621,1,1002018,130,1499000,1
34215.483874,1,1002019,284,1504200,-1
34215.490972,1,1002020,326,1504900,-1
34215.495547,1,1002021,14,1501200,1
34215.502183,1,1002022,351,1504900,-1
34215.502778,1,1002023,240,1503500,-1
34215.503381,1,1002024,154,1498400,1
34215.507367,1,1002025,31,1504600,-1
34215.521908,1,1002026,167,1499500,1
34215.525665,1,1002027,160,1500100,1
34215.537843,1,1002028,236,1500200,1
34215.545995,1,1002029,418,1499400,1
34215.553952,1,1002030,156,1501300,-1
34215.559709,1,1002031,65,1499100,1
34215.571452,1,1002032,28,1500200,1
34215.584069,1,1002033,23,1499200,1
34215.590028,1,1002034,496,1498600,1
34215.604436,1,1002035,253,1498100,1
34215.618136,1,1002036,373,1500300,1
34215.626755,1,1002037,218,1503600,-1
34215.632458,1,1002038,421,1500500,1
34215.642374,1,1002039,116,1504500,-1
34215.649373,1,1002040,194,1500600,1
34215.652074,1,1002041,243,1504100,-1
34215.660184,1,1002042,208,1498600,1
34215.669843,1,1002043,369,1499600,1
34215.670599,1,1002044,214,1501100,1
34215.680685,1,1002045,383,1503900,-1
34215.682804,1,1002046,262,1503100,-1
34215.684573,1,1002047,116,1504900,-1
34215.688898,1,1002048,267,1501200,1
34215.695756,1,1002049,37,1505100,-1
34215.703869,1,1002050,130,1503400,-1
34215.714811,1,1002051,349,1505100,-1
34215.728520,1,1002052,251,1499300,1
34215.729498,1,1002053,104,1503800,-1
34215.738559,1,1002054,175,1504000,-1
34215.742602,1,1002055,119,1506200,-1
34215.745302,1,1002056,228,1504100,-1
34215.756591,1,1002057,407,1503900,-1
34215.759290,1,1002058,231,1498900,1
34215.760686,1,1002059,183,1500600,1
34215.765968,1,1002060,140,1501300,1
34215.769592,1,1002061,77,1500500,1
34215.770997,1,1002062,260,1502100,1
34215.772785,1,1002063,159,1503900,-1
34215.784279,1,1002064,55,1505700,-1
34215.798741,1,1002065,492,1499800,1
34215.809064,1,1002066,327,1505400,-1
34215.821701,1,1002067,86,1501800,1
34215.825400,1,1002068,100,1500400,1
34215.839264,1,1002069,293,1500100,1
34215.839617,1,1002070,146,1499800,1
34215.848345,1,1002071,365,1501500,1
34215.854135,1,1002072,273,1501700,1
34215.858046,1,1002073,391,1503600,-1
34215.867180,1,1002074,208,1501000,1
34215.878313,1,1002075,497,1505800,-1
34215.882844,1,1002076,237,1503400,-1
34215.885652,1,1002077,296,1502000,1
34215.889348,1,1002078,305,1499100,1
34215.895059,1,1002079,299,1499900,1
34215.909331,1,1002080,331,1503000,-1
34215.912964,1,1002081,64,1503600,-1
34215.925026,1,1002082,97,1504700,-1
34215.931605,1,1002083,371,1505400,-1
34215.936587,1,1002084,313,1503300,-1
34215.938134,1,1002085,87,1504100,-1
34215.946832,1,1002086,320,1503900,-1
34215.961496,1,1002087,450,1498900,1
34215.973215,1,1002088,252,1500100,1
34215.986167,1,1002089,210,1499800,1
34215.994295,1,1002090,292,1502300,-1
34216.007828,1,1002091,365,1500700,1
34216.008025,1,1002092,397,1505000,-1
34216.020966,1,1002093,329,1500100,1
34216.034614,1,1002094,30,1498400,1
34216.047553,1,1002095,451,1504800,-1
34216.049162,1,1002096,298,1502900,-1
34216.056516,1,1002097,289,1504100,-1
34216.058272,1,1002098,32,1502300,-1
34216.070680,1,1002099,107,1499900,1
34216.085380,1,1002100,454,1499000,1
34216.092607,1,1002101,215,1504000,-1
34216.095733,1,1002102,91,1503300,-1
34216.106580,1,1002103,367,1504900,-1
34216.116495,1,1002104,99,1501600,1
34216.125364,1,1002105,182,1500400,1
34216.138065,1,1002106,53,1498800,1
34216.145792,1,1002107,445,1499900,1
34216.152084,1,1002108,437,1499800,1
34216.162622,1,1002109,160,1499000,1
34216.164087,1,1002110,51,1503200,-1
34216.173819,1,1002111,359,1500900,1
34216.176039,1,1002112,308,1502500,-1
34216.185887,1,1002113,350,1501600,-1
34216.188937,1,1002114,197,1503400,-1
34216.194256,1,1002115,319,1502600,-1
34216.198896,1,1002116,279,1499300,1
34216.211813,1,1002117,59,1500600,1
34216.216270,1,1002118,337,1503100,-1
34216.223737,1,1002119,388,1503300,-1
34216.231915,1,1002120,476,1502600,-1
34216.238444,1,1002121,401,1499600,1
34216.251295,1,1002122,32,1502200,-1
34216.257877,1,1002123,372,1500300,1
34216.271574,1,1002124,286,1501500,-1
34216.279393,1,1002125,431,1499700,1
34216.287780,1,1002126,129,1498400,1
34216.288921,1,1002127,178,1502900,-1
34216.293101,1,1002128,50,1502700,-1
34216.305281,1,1002129,376,1500100,1
34216.319391,1,1002130,398,1498900,1
34216.323508,1,1002131,154,1504600,-1
34216.334704,1,1002132,261,1502700,-1
34216.338999,1,1002133,397,1504500,-1
34216.345808,1,1002134,178,1502700,-1
34216.346192,1,1002135,206,1501300,1
34216.354008,1,1002136,73,1501300,1
34216.359902,1,1002137,143,1499100,1
34216.371387,1,1002138,129,1500300,1
34216.380916,1,1002139,127,1500700,1
34216.392384,1,1002140,334,1502200,1
34216.393468,1,1002141,297,1505600,-1
34216.397479,1,1002142,500,1503600,-1
34216.403869,1,1002143,133,1504100,-1
34216.409764,1,1002144,352,1502700,1
34216.423460,1,1002145,184,1502100,1
34216.438028,1,1002146,40,1505900,-1
34216.450465,1,1002147,327,1505700,-1
34216.455102,1,1002148,347,1501900,1
34216.456537,1,1002149,141,1504700,-1
34216.457038,1,1002150,238,1506300,-1
34216.459825,1,1002151,178,1506400,-1
34216.470389,1,1002152,412,1504400,-1
34216.481430,1,1002153,261,1501000,1
34216.487211,1,1002154,119,1501400,1
34216.499286,1,1002155,491,1505500,-1
34216.506107,1,1002156,82,1500400,1
34216.517155,1,1002157,460,1504700,-1
34216.527868,1,1002158,20,1499800,1
34216.540988,1,1002159,255,1499900,1
34216.549930,1,1002160,446,1501000,1
34216.558804,1,1002161,37,1500400,1
34216.570451,1,1002162,63,1502700,1
34216.583210,1,1002163,474,1506700,-1
34216.593758,1,1002164,45,1504700,-1
34216.594980,1,1002165,118,1505800,-1
34216.599165,1,1002166,345,1505800,-1
34216.608249,1,1002167,300,1504200,-1
34216.617863,1,1002168,208,1502400,1
34216.624116,1,1002169,417,1501800,1
34216.629021,1,1002170,65,1500500,1
34216.637808,1,1002171,203,1504800,-1
34216.646906,1,1002172,171,1504700,-1
34216.651921,1,1002173,323,1504500,-1
34216.656738,1,1002174,414,1502400,1
34216.671455,1,1002175,156,1504400,-1
34216.682005,1,1002176,327,1506300,-1
34216.682171,1,1002177,168,1500400,1
34216.690690,1,1002178,373,1500600,1
34216.699075,1,1002179,277,1504400,-1
34216.702327,1,1002180,134,1501600,1
34216.713447,1,1002181,23,1506600,-1
34216.721576,1,1002182,360,1505900,-1
34216.726232,1,1002183,199,1502400,1
34216.738467,1,1002184,217,1501900,1
34216.745995,1,1002185,260,1505700,-1
34216.748931,1,1002186,152,1504300,-1
34216.759139,1,1002187,210,1506700,-1
34216.773190,1,1002188,326,1504500,-1
34216.774991,1,1002189,492,1506200,-1
34216.784683,1,1002190,306,1501400,1
34216.791332,1,1002191,207,1505600,-1
34216.795990,1,1002192,32,1507000,-1
34216.810891,1,1002193,417,1505200,-1
34216.811055,1,1002194,211,1501200,1
34216.815051,1,1002195,30,1505900,-1
34216.821426,1,1002196,19,1506200,-1
34216.830688,1,1002197,414,1501700,1
34216.833092,1,1002198,232,1505100,-1
34216.844847,1,1002199,386,1501200,1
34216.846088,1,1002200,236,1500900,1
34216.849013,1,1002201,155,1505600,-1
34216.861068,1,1002202,88,1501700,1
34216.867853,1,1002203,48,1505000,-1
34216.874661,1,1002204,98,1505400,-1
34216.888363,1,1002205,327,1505000,-1
34216.899791,1,1002206,77,1504500,-1
34216.903443,1,1002207,406,1506900,-1
34216.905823,1,1002208,492,1501900,1
34216.909098,1,1002209,172,1501900,1
34216.917451,1,1002210,68,1502900,1
34216.919296,1,1002211,305,1504400,-1
34216.928531,1,1002212,37,1506000,-1
34216.929398,1,1002213,405,1506500,-1
34216.930967,1,1002214,336,1505400,-1
34216.942794,1,1002215,300,1506500,-1
34216.949712,1,1002216,42,1506100,-1
34216.954334,1,1002217,51,1502700,1
34216.961534,1,1002218,304,1504300,-1
34216.973626,1,1002219,115,1501400,1
34216.981564,1,1002220,64,1500400,1
34216.985178,1,1002221,185,1501600,1
34216.992834,1,1002222,77,1500300,1
34216.997668,1,1002223,106,1504500,-1
34217.007065,1,1002224,54,1500500,1
34217.020483,1,1002225,149,1499900,1
34217.028388,1,1002226,229,1503600,-1
34217.030631,1,1002227,477,1503700,-1
34217.037694,1,1002228,472,1502200,1
34217.049783,1,1002229,285,1500600,1
34217.059497,1,1002230,202,1505700,-1
34217.060312,1,1002231,312,1503600,-1
34217.065139,1,1002232,183,1500800,1
34217.077292,1,1002233,487,1499900,1
34217.088686,1,1002234,323,1500500,1
34217.102030,1,1002235,144,1502500,-1
34217.104371,1,1002236,344,1499600,1
34217.111957,1,1002237,39,1504000,-1
34217.122375,1,1002238,237,1503100,-1
34217.135755,1,1002239,319,1503000,-1
34217.147464,1,1002240,451,1503700,-1
34217.154353,1,1002241,327,1502900,-1
34217.156994,1,1002242,415,1504000,-1
34217.160360,1,1002243,438,1504300,-1
34217.161005,1,1002244,352,1498600,1
34217.166332,1,1002245,450,1500400,1
34217.178524,1,1002246,114,1499700,1
34217.192955,1,1002247,192,1498900,1
34217.199805,1,1002248,219,1504700,-1
34217.214158,1,1002249,17,1503300,-1
34217.215780,1,1002250,172,1504000,-1
34217.227614,1,1002251,109,1503200,-1
34217.241244,1,1002252,124,1499100,1
34217.255808,1,1002253,195,1501200,1
34217.261936,1,1002254,361,1500100,1
34217.269504,1,1002255,423,1503300,-1
34217.284260,1,1002256,365,1505200,-1
34217.291140,1,1002257,217,1499800,1
34217.302649,1,1002258,295,1500700,1
34217.308921,1,1002259,451,1499900,1
34217.319845,1,1002260,343,1503100,-1
34217.331508,1,1002261,139,1500000,1
34217.342069,1,1002262,218,1504200,-1
34217.349915,1,1002263,46,1503600,-1
34217.357727,1,1002264,483,1504700,-1
34217.367098,1,1002265,61,1504600,-1
34217.373781,1,1002266,363,1499100,1
34217.382595,1,1002267,32,1504500,-1
34217.383199,1,1002268,296,1504600,-1
34217.383347,1,1002269,336,1498500,1
34217.389602,1,1002270,211,1503300,-1
34217.401231,1,1002271,169,1500600,1
34217.402244,1,1002272,202,1499300,1
34217.412981,1,1002273,153,1501100,1
34217.419954,1,1002274,244,1500900,1
34217.428736,1,1002275,470,1502500,-1
34217.433959,1,1002276,418,1504600,-1
34217.447659,1,1002277,423,1504600,-1
34217.461954,1,1002278,334,1503600,-1
34217.469858,1,1002279,29,1501500,1
34217.476323,1,1002280,487,1498700,1
34217.489348,1,1002281,213,1503800,-1
34217.499915,1,1002282,322,1499600,1
34217.505169,1,1002283,333,1503700,-1
34217.507119,1,1002284,179,1502100,-1
34217.512412,1,1002285,56,1500000,1
34217.517792,1,1002286,361,1500200,1
34217.531435,1,1002287,340,1504500,-1
34217.542659,1,1002288,90,1500800,1
34217.546577,1,1002289,74,1500100,1
34217.558903,1,1002290,354,1502700,-1
34217.573641,1,1002291,402,1503700,-1
34217.578945,1,1002292,378,1504800,-1
34217.589517,1,1002293,408,1499400,1
34217.599118,1,1002294,183,1501600,1
34217.605009,1,1002295,139,1505700,-1
34217.618817,1,1002296,462,1499700,1
34217.627004,1,1002297,55,1504700,-1
34217.634859,1,1002298,233,1500600,1
34217.644518,1,1002299,244,1500300,1
34217.645821,1,1002300,227,1505000,-1
34217.650059,1,1002301,95,1501000,1
34217.657819,1,1002302,410,1503900,-1
34217.671908,1,1002303,452,1504500,-1
34217.677757,1,1002304,75,1504800,-1
34217.686369,1,1002305,109,1503400,-1
34217.687555,1,1002306,19,1499300,1
34217.700164,1,1002307,179,1499100,1
34217.709943,1,1002308,17,1504300,-1
34217.719463,1,1002309,324,1499400,1
34217.728499,1,1002310,66,1503300,-1
34217.736481,1,1002311,227,1501900,1
34217.744091,1,1002312,49,1503200,-1
34217.749422,1,1002313,179,1500000,1
34217.754363,1,1002314,342,1504300,-1
34217.766169,1,1002315,352,1501700,1
34217.777989,1,1002316,240,1499800,1
34217.789553,1,1002317,242,1505000,-1
34217.791760,1,1002318,494,1501700,1
34217.798273,1,1002319,192,1501200,1
34217.811384,1,1002320,297,1500100,1
34217.822374,1,1002321,488,1501600,1
34217.833411,1,1002322,486,1501500,1
34217.841260,1,1002323,116,1505700,-1
34217.844509,1,1002324,80,1502000,1
34217.858217,1,1002325,70,1500100,1
34217.872269,1,1002326,471,1505200,-1
34217.886820,1,1002327,226,1503200,-1
34217.890706,1,1002328,115,1501100,1
34217.892652,1,1002329,274,1504200,-1
34217.906896,1,1002330,83,1499500,1
34217.910094,1,1002331,257,1501400,1
34217.917090,1,1002332,336,1504000,-1
34217.917361,1,1002333,48,1499600,1
34217.924341,1,1002334,224,1500300,1
34217.935037,1,1002335,462,1504000,-1
34217.944849,1,1002336,122,1504000,-1
34217.956001,1,1002337,425,1502900,-1
34217.959743,1,1002338,407,1504100,-1
34217.964323,1,1002339,60,1502600,-1
34217.965483,1,1002340,418,1504500,-1
34217.969193,1,1002341,106,1504400,-1
34217.979228,1,1002342,414,1501500,1
34217.981849,1,1002343,50,1504600,-1
34217.988039,1,1002344,82,1500100,1
34218.002979,1,1002345,119,1500100,1
34218.015989,1,1002346,324,1502700,-1
34218.030580,1,1002347,469,1501200,1
34218.045534,1,1002348,246,1502400,-1
34218.059890,1,1002349,408,1504100,-1
34218.072676,1,1002350,369,1503500,-1
34218.083578,1,1002351,426,1503900,-1
34218.084427,1,1002352,128,1503800,-1
34218.086241,1,1002353,346,1501200,1
34218.089170,1,1002354,424,1505200,-1
34218.092569,1,1002355,227,1500100,1
34218.103049,1,1002356,349,1503200,-1
34218.104652,1,1002357,120,1501500,1
34218.106543,1,1002358,300,1504500,-1
34218.119067,1,1002359,364,1499000,1
34218.123875,1,1002360,362,1503600,-1
34218.131042,1,1002361,410,1502100,1
34218.141871,1,1002362,217,1505400,-1
34218.142228,1,1002363,440,1501100,1
34218.149813,1,1002364,37,1501700,1
34218.162099,1,1002365,96,1503200,-1
34218.176536,1,1002366,83,1504700,-1
34218.180870,1,1002367,431,1501900,1
34218.181386,1,1002368,135,1503400,-1
34218.190271,1,1002369,370,1505900,-1
34218.201654,1,1002370,377,1501400,1
34218.208923,1,1002371,161,1499800,1
34218.219677,1,1002372,321,1503100,-1
34218.226288,1,1002373,186,1505900,-1
34218.232850,1,1002374,425,1504200,-1
34218.236188,1,1002375,435,1504600,-1
34218.237539,1,1002376,480,1501200,1
34218.245868,1,1002377,109,1500700,1
34218.252176,1,1002378,277,1505600,-1
34218.264512,1,1002379,406,1502300,1
34218.273721,1,1002380,401,1500900,1
34218.273889,1,1002381,446,1501300,1
34218.277499,1,1002382,364,1500100,1
34218.285802,1,1002383,310,1503200,-1
34218.299300,1,1002384,196,1499000,1
34218.309549,1,1002385,47,1499600,1
34218.311528,1,1002386,313,1503800,-1
34218.314111,1,1002387,327,1501400,1
34218.322637,1,1002388,362,1499700,1
34218.330671,1,1002389,298,1500600,1
34218.331907,1,1002390,365,1502700,-1
34218.336816,1,1002391,362,1502900,-1
34218.339972,1,1002392,378,1503500,-1
34218.346231,1,1002393,469,1499500,1
34218.357587,1,1002394,41,1499500,1
34218.366334,1,1002395,163,1502100,-1
34218.378528,1,1002396,349,1499200,1
34218.385074,1,1002397,247,1502200,-1
34218.385581,1,1002398,259,1501000,1
34218.400079,1,1002399,498,1503500,-1
34218.405091,1,1002400,38,1503600,-1
34218.415307,1,1002401,142,1504400,-1
34218.423282,1,1002402,145,1504800,-1
34218.424401,1,1002403,471,1502200,-1
34218.429460,1,1002404,30,1499400,1
34218.439051,1,1002405,267,1498500,1
34218.446894,1,1002406,174,1503600,-1
34218.448631,1,1002407,173,1503500,-1
34218.463268,1,1002408,96,1499800,1
34218.473589,1,1002409,361,1500400,1
34218.483858,1,1002410,183,1504100,-1
34218.496604,1,1002411,326,1499300,1
34218.502503,1,1002412,433,1503700,-1
34218.506532,1,1002413,442,1502300,-1
34218.514008,1,1002414,148,1500400,1
34218.523704,1,1002415,166,1504000,-1
34218.537224,1,1002416,325,1503600,-1
34218.549902,1,1002417,69,1502100,-1
34218.561997,1,1002418,366,1500100,1
34218.573937,1,1002419,225,1503500,-1
34218.585129,1,1002420,336,1503600,-1
34218.593539,1,1002421,410,1501200,1
34218.606241,1,1002422,20,1501100,1
34218.606613,1,1002423,150,1501200,1
34218.611404,1,1002424,190,1499800,1
34218.624529,1,1002425,281,1500500,1
34218.632704,1,1002426,265,1504000,-1
34218.647372,1,1002427,321,1505100,-1
34218.648349,1,1002428,65,1501300,1
34218.654437,1,1002429,324,1500000,1
34218.661903,1,1002430,32,1505800,-1
34218.669186,1,1002431,444,1503400,-1
34218.682738,1,1002432,326,1502100,1
34218.685898,1,1002433,90,1503900,-1
34218.686330,1,1002434,193,1505200,-1
34218.690502,1,1002435,259,1501800,1
34218.701807,1,1002436,362,1500400,1
34218.703158,1,1002437,337,1504200,-1
34218.711373,1,1002438,465,1502000,1
34218.714031,1,1002439,440,1500700,1
34218.726503,1,1002440,85,1500600,1
34218.735110,1,1002441,355,1499400,1
34218.744365,1,1002442,224,1505900,-1
34218.755748,1,1002443,499,1504900,-1
34218.763175,1,1002444,446,1500900,1
34218.777353,1,1002445,289,1499900,1
34218.782539,1,1002446,309,1501400,1
34218.783057,1,1002447,125,1505900,-1
34218.790451,1,1002448,264,1502900,-1
34218.805180,1,1002449,486,1503900,-1
34218.813367,1,1002450,266,1504600,-1
34218.826498,1,1002451,495,1505500,-1
34218.828063,1,1002452,467,1505200,-1
34218.833223,1,1002453,341,1505700,-1
34218.845518,1,1002454,53,1506200,-1
34218.857782,1,1002455,298,1502200,1
34218.859151,1,1002456,164,1505900,-1
34218.869657,1,1002457,150,1502500,1
34218.884616,1,1002458,359,1499700,1
34218.888009,1,1002459,190,1502300,1
34218.889345,1,1002460,338,1504000,-1
34218.889697,1,1002461,241,1500600,1
34218.895737,1,1002462,213,1503500,-1
34218.906432,1,1002463,248,1501200,1
34218.919215,1,1002464,253,1501600,1
34218.923785,1,1002465,282,1500700,1
34218.926920,1,1002466,77,1506500,-1
34218.940554,1,1002467,302,1505700,-1
34218.943913,1,1002468,443,1504000,-1
34218.946701,1,1002469,234,1501100,1
34218.951112,1,1002470,393,1506100,-1
34218.954131,1,1002471,350,1502100,1
34218.955647,1,1002472,447,1500800,1
34218.962140,1,1002473,218,1500500,1
34218.970804,1,1002474,349,1501600,1
34218.984286,1,1002475,28,1501400,1
34218.988970,1,1002476,38,1500500,1
34218.994663,1,1002477,495,1504600,-1
34219.001971,1,1002478,192,1505700,-1
34219.013297,1,1002479,284,1502200,1
34219.015018,1,1002480,370,1505500,-1
34219.028836,1,1002481,416,1502300,1
34219.043342,1,1002482,88,1504800,-1
34219.057473,1,1002483,350,1505900,-1
34219.066150,1,1002484,130,1506300,-1
34219.078448,1,1002485,151,1504300,-1
34219.083301,1,1002486,24,1500900,1
34219.088706,1,1002487,500,1504300,-1
34219.096083,1,1002488,263,1501700,1
34219.108072,1,1002489,497,1502600,1
34219.112218,1,1002490,489,1504500,-1
34219.116241,1,1002491,411,1500200,1
34219.122166,1,1002492,371,1503000,1
34219.134091,1,1002493,203,1500400,1
34219.145218,1,1002494,35,1501400,1
34219.155834,1,1002495,459,1503100,1
34219.156095,1,1002496,384,1501800,1
34219.159710,1,1002497,324,1502300,1
34219.163080,1,1002498,356,1503400,1
34219.164252,1,1002499,86,1503100,1
34219.176425,4,1000937,254,1497200,-1
34219.184348,1,1002500,109,1502500,1
34219.192132,1,1002501,20,1502600,1
34219.200446,5,1002045,124,1503900,-1
34219.210797,4,1001595,408,1498500,-1
34219.212262,1,1002502,456,1503600,1
34219.218927,1,1002503,337,1501600,1
34219.227726,2,1002360,136,1503600,-1
34219.234725,2,1000001,90,1502200,-1
34219.239855,4,1001870,108,1499000,1
34219.252730,3,1001845,55,1499600,-1
34219.263079,2,1001255,26,1493500,1
34219.266498,1,1002504,498,1501000,1
34219.278617,1,1002505,484,1504400,-1
34219.281642,4,1001885,148,1502300,-1
34219.290626,2,1001966,109,1504300,-1
34219.294696,3,1000574,428,1494900,1
34219.294959,1,1002506,473,1499900,1
34219.298498,3,1000462,132,1494800,1
34219.304084,1,1002507,52,1500400,1
34219.306292,4,1000500,150,1500200,-1
34219.316346,5,1002241,185,1502900,-1
34219.328221,1,1002508,196,1503900,-1
34219.339816,1,1002509,161,1499900,1
34219.354560,1,1002510,170,1503900,-1
34219.361979,4,1001440,37,1498700,-1
34219.365668,1,1002511,105,1501200,1
34219.371437,3,1001911,196,1502800,-1
34219.382291,1,1002512,40,1499800,1
34219.393004,4,1000569,232,1493300,1
34219.403326,1,1002513,191,1504000,-1
34219.405730,4,1000713,35,1499200,-1
34219.411453,4,1001417,5,1495900,1
34219.415585,1,1002514,348,1502900,1
34219.429551,1,1002515,181,1499600,1
34219.430753,2,1000949,54,1499400,-1
34219.443128,1,1002516,310,1501600,1
34219.444403,1,1002517,24,1501100,1
34219.445385,1,1002518,124,1503400,-1
34219.454975,1,1002519,206,1499200,1
34219.461907,1,1002520,343,1505800,-1
34219.462178,3,1002514,348,1502900,1
34219.469889,4,1000880,433,1492600,1
34219.474130,2,1001314,8,1498600,-1
34219.477480,1,1002521,186,1504400,-1
34219.486955,1,1002522,369,1504500,-1
34219.499099,2,1001719,55,1494600,1
34219.512029,4,1002267,21,1504500,-1
34219.513039,1,1002523,307,1501400,1
34219.520426,1,1002524,108,1504900,-1
34219.525384,1,1002525,252,1500700,1
34219.532307,5,1001470,379,1498900,-1
34219.538333,4,1001622,4,1496600,-1
34219.552190,2,1000746,113,1497700,-1
34219.560113,1,1002526,310,1505100,-1
34219.573442,1,1002527,111,1505200,-1
34219.574812,2,1001197,3,1495900,1
34219.577835,1,1002528,22,1504800,-1
34219.586079,2,1002350,150,1503500,-1
34219.600370,2,1001707,103,1494000,1
34219.607462,5,1001462,34,1499300,-1
34219.613678,2,1001787,26,1498100,-1
34219.616531,3,1002085,87,1504100,-1
34219.621883,2,1000552,71,1496000,1
34219.623363,1,1002529,248,1499200,1
34219.628548,4,1002444,204,1500900,1
34219.637385,2,1001711,128,1498500,-1
34219.652251,4,1001917,49,1501100,-1
34219.661730,1,1002530,424,1505300,-1
34219.665192,5,1001029,25,1495300,1
34219.673755,2,1001815,97,1498200,-1
34219.687857,2,1002225,31,1499900,1
34219.688789,4,1001821,107,1495400,1
34219.703445,2,1001197,22,1495900,1
34219.710495,1,1002531,128,1499800,1
34219.721699,1,1002532,270,1506100,-1
34219.734969,1,1002533,418,1501100,1
34219.741275,1,1002534,129,1503400,-1
34219.750232,1,1002535,459,1504200,-1
34219.757362,4,1001304,8,1499900,-1
34219.765671,3,1002298,233,1500600,1
34219.774209,1,1002536,243,1500500,1
34219.780961,1,1002537,465,1504100,-1
34219.781362,4,1000171,24,1500100,-1
34219.782816,4,1000812,8,1495400,1
34219.795932,2,1001523,14,1494500,1
34219.799472,1,1002538,316,1501800,1
34219.807815,1,1002539,381,1503300,-1
34219.817792,2,1002335,66,1504000,-1
34219.820178,1,1002540,133,1499500,1
34219.825534,1,1002541,118,1499500,1
34219.826621,1,1002542,457,1505600,-1
34219.827607,3,1000440,396,1495200,1
34219.837518,1,1002543,325,1503400,-1
34219.842583,5,1000071,30,1495900,1
34219.847122,3,1000713,19,1499200,-1
34219.851337,1,1002544,337,1503900,-1
34219.858899,2,1000525,153,1494900,1
34219.869431,2,1001837,119,1494700,1
34219.873135,4,1001311,11,1497200,-1
34219.884417,1,1002545,402,1504000,-1
34219.897231,4,1000732,73,1497900,-1
34219.908366,2,1001514,187,1497400,-1
34219.909958,1,1002546,410,1500800,1
34219.923903,1,1002547,428,1501700,1
34219.927895,1,1002548,138,1504600,-1
34219.928436,4,1000114,98,1497600,1
34219.929658,4,1000060,278,1501300,-1
34219.944352,5,1001844,12,1501100,-1
34219.949752,1,1002549,56,1501200,1
34219.964346,4,1000591,250,1499600,-1
34219.976291,3,1001134,251,1495700,1
34219.986544,4,1001660,397,1493100,1
34220.000815,2,1001109,39,1498500,-1
34220.003111,1,1002550,479,1502900,1
34220.006236,1,1002551,179,1505400,-1
34220.011738,5,1001170,135,1499000,-1
34220.016522,1,1002552,237,1501800,1
34220.028893,3,1001966,230,1504300,-1
34220.039917,2,1000944,1,1498400,-1
34220.044709,3,1000624,455,1495400,1
34220.058391,2,1001075,10,1498900,-1
34220.060256,1,1002553,347,1502500,1
34220.065037,1,1002554,357,1506500,-1
34220.074274,1,1002555,467,1507400,-1
34220.080885,3,1000033,61,1502300,-1
34220.085351,4,1001117,154,1497600,1
34220.093106,3,1001281,452,1495600,1
34220.103404,1,1002556,350,1501100,1
34220.105603,1,1002557,441,1501900,1
34220.106143,2,1000474,72,1500500,-1
34220.116849,1,1002558,344,1504700,-1
34220.130435,1,1002559,248,1501600,1
34220.137296,4,1000058,290,1496400,1
34220.138994,2,1000728,22,1493600,1
34220.151543,1,1002560,191,1503200,1
34220.162256,1,1002561,427,1505200,-1
34220.162836,1,1002562,79,1507300,-1
34220.175135,1,1002563,490,1504100,1
34220.188656,3,1000263,22,1496300,-1
34220.188933,1,1002564,239,1504800,-1
34220.196086,3,1001222,416,1495700,1
34220.197439,4,1001623,17,1494600,1
34220.208177,1,1002565,275,1503800,1
34220.216176,1,1002566,313,1501500,1
34220.227320,1,1002567,179,1505500,-1
34220.228310,4,1001857,47,1501600,-1
34220.229233,4,1001578,34,1498900,-1
34220.241481,5,1001678,176,1495700,1
34220.249220,2,1000857,123,1494200,1
34220.259959,2,1000654,49,1492700,1
34220.271839,1,1002568,158,1506900,-1
34220.280150,4,1001476,349,1497800,-1
34220.291249,2,1000869,64,1493100,1
34220.299696,2,1002254,5,1500100,1
34220.301393,1,1002569,178,1502300,1
34220.312572,1,1002570,330,1505700,-1
34220.326218,1,1002571,341,1504700,-1
34220.335756,1,1002572,303,1501800,1
34220.347811,1,1002573,151,1501200,1
34220.354109,1,1002574,406,1503400,1
34220.360158,5,1000606,305,1499800,-1
34220.368489,2,1001102,119,1498900,-1
34220.370336,5,1000109,66,1503100,-1
34220.381877,1,1002575,87,1505200,-1
34220.386780,1,1002576,371,1501200,1
34220.387082,1,1002577,330,1505200,-1
34220.400587,5,1000811,52,1496400,-1
34220.407234,2,1000244,56,1498400,-1
34220.418037,2,1002515,29,1499600,1
34220.428726,1,1002578,16,1504700,-1
34220.439234,4,1002076,198,1503400,-1
34220.444531,1,1002579,332,1506000,-1
34220.453613,4,1000969,114,1496900,-1
34220.455796,1,1002580,122,1500400,1
34220.469832,2,1000914,32,1497800,-1
34220.483647,2,1000085,26,1499500,-1
34220.486974,2,1001906,156,1499700,1
34220.495049,1,1002581,441,1502100,1
34220.496686,3,1000915,444,1495000,1
