34200.281817,1,1000000,350,3300000,-1
34200.617491,1,1000001,98,3300300,-1
34200.661974,1,1000002,281,3300700,-1
34201.495957,1,1000003,500,3299100,1
34202.200562,1,1000004,200,3299800,1
34202.242130,1,1000005,332,3298800,1
34202.419381,1,1000006,255,3301400,-1
34202.648044,4,1000006,191,3301400,-1
34202.760441,1,1000007,264,3300500,-1
34202.863990,1,1000008,209,3299800,1
34203.110962,1,1000009,288,3299700,1
34203.494432,1,1000010,424,3299400,1
34203.720993,1,1000011,461,3302300,-1
34203.730272,1,1000012,358,3299900,-1
34203.804330,1,1000013,247,3299900,-1
34203.913899,1,1000014,238,3299000,1
34203.977581,1,1000015,371,3299500,1
34204.098918,1,1000016,131,3300800,-1
34204.328877,1,1000017,312,3299600,1
34204.899536,1,1000018,355,3300200,-1
34204.989811,1,1000019,486,3300100,-1
34206.156659,1,1000020,187,3299400,1
34206.185843,1,1000021,235,3298000,1
34208.028361,1,1000022,349,3300600,-1
34209.231873,1,1000023,356,3299300,1
34209.845505,1,1000024,88,3300600,-1
34210.470576,1,1000025,224,3300000,-1
34210.770603,1,1000026,454,3301500,-1
34211.168647,1,1000027,91,3300700,-1
34213.512842,3,1000023,356,3299300,1
34213.700371,1,1000028,327,3299200,1
34214.038566,1,1000029,61,3297400,1
34214.094624,1,1000030,238,3300100,-1
34214.537411,1,1000031,225,3300500,-1
34214.666762,1,1000032,436,3301600,-1
34214.893830,1,1000033,119,3299300,1
34215.743059,4,1000017,268,3299600,1
34215.799087,1,1000034,475,3300400,-1
34216.142561,2,1000029,16,3297400,1
34216.968346,1,1000035,397,3300700,-1
34217.141347,1,1000036,62,3299600,1
34217.212408,1,1000037,278,3300700,-1
34217.710517,1,1000038,293,3299700,1
34217.715583,1,1000039,141,3300000,-1
34217.914132,1,1000040,251,3299800,-1
34219.176406,1,1000041,282,3298900,1
34220.303144,3,1000021,235,3298000,1
34220.594744,1,1000042,419,3299600,1
34221.672278,1,1000043,214,3302000,-1
34222.578531,1,1000044,275,3299200,1
34223.262759,2,1000004,63,3299800,1
34223.279483,1,1000045,121,3300100,-1
34223.619605,1,1000046,302,3301000,-1
34223.890477,1,1000047,337,3300400,-1
34224.758845,1,1000048,362,3300100,-1
34224.830057,1,1000049,304,3299300,1
34224.886851,1,1000050,255,3299200,1
34225.436457,1,1000051,261,3300100,-1
34225.736380,2,1000031,82,3300500,-1
34225.790189,1,1000052,183,3298700,1
34227.561346,1,1000053,420,3299500,1
34227.884638,1,1000054,486,3300900,-1
34228.450236,1,1000055,365,3300400,-1
34229.383390,1,1000056,160,3299500,1
34230.015211,1,1000057,149,3298500,1
34230.116460,1,1000058,117,3300000,-1
34230.164219,2,1000008,42,3299800,1
34230.626997,2,1000006,13,3301400,-1
34231.163751,1,1000059,438,3300500,-1
34231.705392,1,1000060,104,3299800,1
34232.080835,1,1000061,154,3298300,1
34234.250376,4,1000006,34,3301400,-1
34234.317951,1,1000062,268,3299400,1
34234.747864,1,1000063,482,3300000,-1
34235.031026,1,1000064,312,3299500,1
34235.072509,2,1000058,63,3300000,-1
34235.537044,1,1000065,462,3300200,-1
34235.594893,1,1000066,257,3298000,1
34236.586558,1,1000067,419,3299800,1
34236.782240,1,1000068,232,3299600,1
34238.136886,1,1000069,322,3300300,-1
34242.390192,1,1000070,440,3302400,-1
34242.400996,1,1000071,75,3299000,1
34242.406068,1,1000072,224,3297400,1
34242.798851,2,1000009,108,3299700,1
34243.315483,4,1000051,247,3300100,-1
34243.397042,1,1000073,79,3302400,-1
34243.652543,1,1000074,237,3300500,-1
34243.799671,1,1000075,445,3299100,1
34244.268782,1,1000076,77,3301100,-1
34244.292865,1,1000077,269,3300300,-1
34244.952060,1,1000078,464,3299800,1
34246.457942,1,1000079,110,3298300,1
34246.664396,1,1000080,121,3299400,1
34246.806661,1,1000081,120,3301200,-1
34246.934120,1,1000082,451,3300300,-1
34247.374564,1,1000083,172,3297500,1
34247.700972,1,1000084,399,3299100,1
34247.705428,1,1000085,192,3298800,1
34248.847602,1,1000086,241,3299400,1
34248.958295,2,1000009,91,3299700,1
34249.235799,2,1000028,106,3299200,1
34249.879596,1,1000087,355,3300300,-1
34250.545511,2,1000027,29,3300700,-1
34250.761195,1,1000088,338,3298600,1
34251.052624,2,1000001,14,3300300,-1
34251.164877,1,1000089,405,3300400,-1
34251.237053,1,1000090,237,3300400,-1
34251.509229,1,1000091,321,3299400,1
34251.626237,5,1000092,314,3300000,-1
34252.451467,1,1000093,428,3301400,-1
34252.815454,2,1000074,45,3300500,-1
34252.859457,2,1000029,17,3297400,1
34253.227116,1,1000094,383,3300000,-1
34253.597518,1,1000095,210,3299900,-1
34254.093590,1,1000096,266,3300900,-1
34254.407806,1,1000097,463,3298900,1
34254.726304,1,1000098,412,3300300,-1
34255.545321,2,1000011,251,3302300,-1
34257.026551,1,1000099,413,3301100,-1
34257.282785,1,1000100,242,3300100,-1
34257.513599,1,1000101,80,3299400,1
34257.570675,1,1000102,284,3299000,1
34258.693941,1,1000103,144,3299500,1
34258.819559,1,1000104,193,3299600,1
34259.482607,1,1000105,468,3301400,-1
34259.792948,1,1000106,97,3301500,-1
34260.031567,1,1000107,458,3297300,1
34260.772562,1,1000108,55,3301800,-1
34261.052366,1,1000109,497,3299300,1
34261.744122,2,1000016,55,3300800,-1
34264.074281,1,1000110,127,3299900,-1
34264.880508,1,1000111,416,3298000,1
34265.434228,1,1000112,328,3300000,-1
34265.531555,2,1000058,12,3300000,-1
34265.898413,1,1000113,475,3299500,1
34266.141759,1,1000114,88,3299700,1
34266.376351,1,1000115,474,3300600,-1
34266.382166,1,1000116,284,3301400,-1
34267.253188,1,1000117,127,3300700,-1
34268.550382,1,1000118,94,3300000,-1
34268.771506,1,1000119,190,3298700,1
34268.960089,1,1000120,396,3299600,1
34269.200937,2,1000077,122,3300300,-1
34269.250470,1,1000121,224,3302100,-1
34269.320541,1,1000122,403,3299300,1
34270.510396,1,1000123,453,3299000,1
34270.949396,1,1000124,225,3299000,1
34271.001981,2,1000108,9,3301800,-1
34271.586879,1,1000125,202,3300200,-1
34271.911661,5,1000126,416,3300500,-1
34271.924330,1,1000127,119,3300400,-1
34272.177247,3,1000035,397,3300700,-1
34272.468258,1,1000128,119,3301800,-1
34272.835172,1,1000129,468,3300700,-1
34272.896411,2,1000037,124,3300700,-1
34273.107938,1,1000130,465,3300400,-1
34273.349656,2,1000122,230,3299300,1
34273.852305,1,1000131,353,3299700,1
34274.100831,1,1000132,110,3300100,-1
34274.444105,1,1000133,69,3300300,-1
34274.766212,1,1000134,369,3298700,1
34275.077489,2,1000107,235,3297300,1
34275.135918,1,1000135,219,3300500,-1
34275.147389,1,1000136,242,3298800,1
34275.317501,1,1000137,113,3299700,1
34276.283438,1,1000138,329,3300900,-1
34277.602004,3,1000097,463,3298900,1
34278.544364,1,1000139,340,3301900,-1
34278.592926,2,1000032,236,3301600,-1
34278.994356,1,1000140,138,3299500,1
34279.274176,1,1000141,404,3299900,1
34279.288977,1,1000142,447,3301800,-1
34279.394987,2,1000015,74,3299500,1
34280.246582,1,1000143,336,3300600,-1
34280.372695,4,1000012,258,3299900,-1
34280.543701,1,1000144,500,3299600,1
34282.015720,1,1000145,136,3298200,1
34282.075896,1,1000146,201,3300300,-1
34282.583553,3,1000137,113,3299700,1
34282.705261,1,1000147,377,3299300,1
34282.742382,4,1000018,222,3300200,-1
34282.764098,1,1000148,94,3300200,-1
34283.423642,1,1000149,330,3299800,1
34284.487561,1,1000150,246,3302200,-1
34284.811861,1,1000151,380,3300400,-1
34285.121053,2,1000139,161,3301900,-1
34285.476080,1,1000152,107,3300300,-1
34285.747798,2,1000062,62,3299400,1
34286.115464,2,1000132,26,3300100,-1
34286.221364,1,1000153,216,3300600,-1
34286.660304,2,1000133,23,3300300,-1
34286.803088,3,1000152,107,3300300,-1
34287.281045,1,1000154,369,3299900,-1
34287.540322,1,1000155,441,3300000,-1
34288.344315,1,1000156,131,3298800,1
34289.176145,1,1000157,160,3299600,1
34289.835161,1,1000158,431,3299100,1
34291.821036,1,1000159,334,3299200,1
34293.104346,5,1000160,417,3300000,-1
34293.163558,1,1000161,208,3297300,1
34294.364478,1,1000162,349,3298600,1
34294.756638,4,1000047,193,3300400,-1
34294.990224,2,1000100,71,3300100,-1
34295.013859,2,1000043,73,3302000,-1
34295.253099,1,1000163,291,3300500,-1
34295.714194,1,1000164,74,3299500,1
34295.864385,1,1000165,184,3299200,1
34296.354978,1,1000166,447,3300100,-1
34296.483955,2,1000031,16,3300500,-1
34296.665881,3,1000085,192,3298800,1
34296.804448,3,1000014,238,3299000,1
34296.972871,1,1000167,115,3300000,-1
34297.220345,1,1000168,314,3300300,-1
34297.501575,2,1000142,205,3301800,-1
34297.744802,1,1000169,165,3300100,-1
34297.942791,1,1000170,339,3301200,-1
34299.680580,1,1000171,486,3300500,-1
34299.884622,1,1000172,182,3301200,-1
34299.944346,1,1000173,218,3299300,1
34300.097965,1,1000174,390,3299200,1
34300.733419,3,1000039,141,3300000,-1
34301.037935,1,1000175,250,3300200,-1
34301.068358,1,1000176,303,3299400,1
34301.252670,1,1000177,339,3300300,-1
34301.768778,1,1000178,365,3297500,1
34301.979564,1,1000179,367,3300700,-1
34302.010332,1,1000180,280,3297400,1
34302.237822,1,1000181,292,3299700,1
34302.337859,1,1000182,170,3302000,-1
34304.163844,2,1000147,53,3299300,1
34304.975476,3,1000087,355,3300300,-1
34305.118972,2,1000055,164,3300400,-1
34305.661911,5,1000183,131,3300800,-1
34305.977637,1,1000184,323,3300200,-1
34306.111837,1,1000185,313,3298100,1
34308.229670,1,1000186,312,3300000,-1
34308.684447,1,1000187,226,3299300,1
34309.313919,1,1000188,399,3299600,1
34310.220970,1,1000189,116,3300700,-1
34310.283766,1,1000190,368,3299500,1
34310.379300,1,1000191,454,3300000,-1
34310.527294,1,1000192,121,3299900,-1
34313.302942,3,1000051,14,3300100,-1
34313.460626,1,1000193,63,3299600,1
34313.493272,1,1000194,382,3300100,-1
34314.092161,1,1000195,160,3301200,-1
34314.166513,1,1000196,178,3299300,1
34314.243597,1,1000197,254,3299400,1
34314.283130,1,1000198,336,3299900,-1
34314.286479,1,1000199,121,3297300,1
34314.532272,1,1000200,336,3299100,1
34314.645530,1,1000201,198,3297300,1
34314.919567,2,1000200,42,3299100,1
34315.830680,1,1000202,62,3299700,1
34316.124145,3,1000016,76,3300800,-1
34317.622043,2,1000131,106,3299700,1
34318.382522,2,1000025,128,3300000,-1
34318.690439,3,1000170,339,3301200,-1
34318.701566,1,1000203,248,3299200,1
34318.853246,1,1000204,84,3299000,1
34318.997100,1,1000205,74,3299100,1
34319.530679,1,1000206,270,3299700,1
34319.857485,1,1000207,325,3299700,1
34319.947267,1,1000208,292,3299200,1
34320.656764,3,1000071,75,3299000,1
34320.690702,3,1000094,383,3300000,-1
34321.039187,1,1000209,389,3301900,-1
34321.065811,1,1000210,267,3299900,-1
34321.693862,1,1000211,289,3298200,1
34322.019672,1,1000212,320,3300300,-1
34322.440797,1,1000213,127,3300200,-1
34322.579180,1,1000214,76,3300900,-1
34323.644553,1,1000215,382,3298300,1
34324.392360,1,1000216,414,3300100,-1
34325.162661,1,1000217,493,3300000,-1
34325.316154,1,1000218,301,3299800,-1
34325.637424,1,1000219,83,3301100,-1
34325.729463,5,1000220,197,3299300,1
34326.175418,1,1000221,288,3300000,-1
34328.239984,4,1000203,243,3299200,1
34328.624171,5,1000222,468,3298800,1
34329.495628,1,1000223,442,3299700,1
34329.902216,1,1000224,182,3299100,1
34330.109282,2,1000205,34,3299100,1
34331.065723,3,1000053,420,3299500,1
34331.139733,3,1000107,223,3297300,1
34331.292980,1,1000225,98,3299300,1
34331.546192,1,1000226,487,3300900,-1
34331.830192,4,1000102,102,3299000,1
34332.080337,1,1000227,349,3299100,1
34332.226115,2,1000003,219,3299100,1
34332.357467,4,1000066,132,3298000,1
34332.510117,1,1000228,443,3300600,-1
34332.559128,1,1000229,420,3297500,1
34333.350574,4,1000185,222,3298100,1
34333.646982,1,1000230,360,3302400,-1
34335.401485,5,1000231,474,3299100,1
34335.966577,1,1000232,385,3299300,1
34336.377377,1,1000233,313,3300100,-1
34337.118190,2,1000221,136,3300000,-1
34337.254956,3,1000204,84,3299000,1
34337.555407,1,1000234,237,3300000,1
34337.804680,1,1000235,447,3300300,-1
34338.135973,1,1000236,312,3299800,1
34338.839248,1,1000237,77,3299300,1
34338.926560,4,1000230,317,3302400,-1
34339.005294,5,1000238,258,3300500,-1
34339.010332,3,1000197,254,3299400,1
34339.231457,1,1000239,257,3300600,-1
34340.369361,3,1000102,182,3299000,1
34340.621187,1,1000240,107,3299700,1
34340.935390,4,1000153,213,3300600,-1
34342.160728,1,1000241,186,3300300,-1
34342.202023,2,1000182,56,3302000,-1
34342.225816,4,1000015,99,3299500,1
34342.451178,2,1000237,23,3299300,1
34342.627839,1,1000242,433,3298800,1
34342.846623,2,1000207,189,3299700,1
34343.059625,2,1000138,172,3300900,-1
34343.169822,1,1000243,438,3299900,1
34343.215418,1,1000244,457,3299100,1
34343.434149,1,1000245,165,3299600,1
34343.612827,3,1000221,152,3300000,-1
34343.770145,1,1000246,92,3297800,1
34344.246575,1,1000247,435,3300800,-1
34344.249193,2,1000235,62,3300300,-1
34344.960783,1,1000248,243,3301100,-1
34345.716733,2,1000241,30,3300300,-1
34346.557200,2,1000147,148,3299300,1
34347.125346,2,1000030,134,3300100,-1
34347.236346,1,1000249,479,3300100,-1
34347.386221,4,1000224,135,3299100,1
34348.618684,1,1000250,248,3300000,-1
34349.253350,1,1000251,133,3299500,1
34350.013532,2,1000118,37,3300000,-1
34350.877954,1,1000252,217,3300800,-1
34351.002456,1,1000253,344,3300100,-1
34351.033497,2,1000113,264,3299500,1
34351.065072,1,1000254,321,3299400,1
34351.123593,2,1000133,25,3300300,-1
34351.140301,2,1000153,1,3300600,-1
34351.455630,5,1000255,204,3299600,1
34351.535108,5,1000256,427,3300100,-1
34352.212626,4,1000190,170,3299500,1
34352.266606,3,1000229,420,3297500,1
34352.427474,1,1000257,60,3299100,1
34352.564340,1,1000258,117,3299200,1
34352.713305,1,1000259,131,3300500,-1
34353.080591,3,1000142,242,3301800,-1
34353.730098,2,1000080,16,3299400,1
34355.021340,1,1000260,169,3300400,-1
34355.237928,1,1000261,228,3299800,-1
34355.611534,1,1000262,430,3300100,-1
34355.612788,1,1000263,231,3299800,1
34356.126502,1,1000264,342,3297400,1
34356.667328,1,1000265,319,3299800,1
34357.222455,2,1000052,99,3298700,1
34357.272668,2,1000007,100,3300500,-1
34358.955154,1,1000266,203,3299500,1
34359.521878,4,1000040,223,3299800,-1
34360.800836,1,1000267,352,3297700,1
34360.843125,1,1000268,494,3297400,1
34360.854524,1,1000269,402,3299900,-1
34360.887436,4,1000223,213,3299700,1
34361.003311,1,1000270,173,3299900,-1
34361.219315,1,1000271,262,3299900,-1
34361.330484,1,1000272,220,3299500,1
34361.827656,1,1000273,144,3300100,-1
34361.995578,1,1000274,395,3301100,-1
34362.359079,1,1000275,262,3299400,1
34362.565360,4,1000241,80,3300300,-1
34362.633533,1,1000276,244,3300500,-1
34363.982029,1,1000277,57,3300300,-1
34364.206052,1,1000278,499,3297400,1
34365.460588,1,1000279,122,3302400,-1
34365.560747,4,1000200,268,3299100,1
34366.077193,1,1000280,189,3302200,-1
34366.111989,1,1000281,143,3299600,1
34366.457416,3,1000116,284,3301400,-1
34367.129766,1,1000282,89,3297300,1
34368.402784,2,1000049,55,3299300,1
34368.590499,3,1000282,89,3297300,1
34369.016604,1,1000283,300,3299900,-1
34369.091226,1,1000284,328,3300000,-1
34369.113020,1,1000285,60,3300000,-1
34369.864278,1,1000286,57,3299400,1
34369.884136,1,1000287,239,3300100,-1
34370.519759,1,1000288,269,3300100,-1
34371.916169,1,1000289,368,3300300,-1
34372.301894,4,1000082,176,3300300,-1
34372.711947,1,1000290,195,3300600,-1
34372.713449,3,1000213,127,3300200,-1
34373.254990,2,1000105,110,3301400,-1
34373.654568,1,1000291,296,3298900,1
34375.297597,1,1000292,93,3298400,1
34375.422645,1,1000293,308,3300200,-1
34375.801758,4,1000285,54,3300000,-1
34375.878631,1,1000294,381,3300700,-1
34376.155108,1,1000295,115,3301100,-1
34376.737111,1,1000296,205,3299800,-1
34377.511136,5,1000297,291,3302100,-1
34377.994864,1,1000298,496,3300200,-1
34378.091131,2,1000139,107,3301900,-1
34378.547529,1,1000299,443,3301100,-1
34379.515466,1,1000300,377,3300100,-1
34380.096484,1,1000301,168,3300800,-1
34380.435930,1,1000302,145,3299000,1
34380.978464,4,1000013,107,3299900,-1
34382.399974,2,1000270,85,3299900,-1
34382.589693,1,1000303,491,3299300,1
34383.228465,1,1000304,347,3299600,1
34383.414147,1,1000305,488,3300200,-1
34384.596882,3,1000042,419,3299600,1
34384.657747,3,1000292,93,3298400,1
34385.747459,1,1000306,56,3300000,-1
34386.427341,1,1000307,418,3299600,1
34387.174265,1,1000308,81,3297400,1
34388.594133,4,1000037,32,3300700,-1
34388.886713,2,1000067,251,3299800,1
34389.209444,3,1000125,202,3300200,-1
34389.744628,2,1000027,9,3300700,-1
34390.133103,1,1000309,430,3298800,1
34390.584785,1,1000310,429,3297400,1
34391.553339,1,1000311,477,3298700,1
34392.507286,1,1000312,97,3299400,1
34392.720404,1,1000313,260,3300800,-1
34392.764052,3,1000265,319,3299800,1
34393.267951,3,1000228,443,3300600,-1
34394.284674,1,1000314,167,3299400,1
34394.780570,1,1000315,224,3300000,-1
34395.032393,3,1000146,201,3300300,-1
34395.076696,1,1000316,432,3300100,-1
34395.486019,3,1000219,83,3301100,-1
34395.518267,1,1000317,294,3299700,1
34396.053135,1,1000318,62,3298800,1
34396.464288,1,1000319,225,3300400,-1
34397.660934,3,1000288,269,3300100,-1
34398.170344,1,1000320,360,3299400,1
34398.523520,5,1000321,198,3300600,-1
34398.548425,1,1000322,160,3299000,1
34398.622544,1,1000323,326,3300600,-1
34398.865205,4,1000132,31,3300100,-1
34398.877261,4,1000013,111,3299900,-1
34399.020967,1,1000324,490,3300300,-1
34399.589831,2,1000186,158,3300000,-1
34400.688424,1,1000325,453,3300900,-1
34402.721185,1,1000326,367,3299900,1
34404.280138,1,1000327,353,3300600,-1
34404.714385,1,1000328,213,3300600,-1
34404.742903,4,1000033,97,3299300,1
34405.276614,4,1000012,28,3299900,-1
34405.297794,2,1000216,55,3300100,-1
34405.348063,1,1000329,140,3300200,-1
34405.425600,3,1000281,143,3299600,1
34405.811240,1,1000330,177,3299800,1
34405.818311,1,1000331,133,3299500,1
34406.153859,1,1000332,436,3301100,-1
34406.478695,1,1000333,320,3299800,1
34406.643080,1,1000334,70,3300400,-1
34406.742424,2,1000209,184,3301900,-1
34407.026166,1,1000335,500,3300100,-1
34407.158887,1,1000336,491,3299400,1
34409.330743,1,1000337,56,3301400,-1
34409.917994,5,1000338,352,3300800,-1
34410.007009,1,1000339,395,3300400,-1
34410.284224,1,1000340,59,3300300,-1
34410.784574,1,1000341,440,3299700,1
34412.266064,2,1000140,27,3299500,1
34413.011306,1,1000342,226,3299000,1
34413.599796,3,1000275,262,3299400,1
34414.084428,5,1000343,473,3300400,-1
34414.141695,4,1000164,38,3299500,1
34414.953803,1,1000344,144,3300700,-1
34416.569656,4,1000044,70,3299200,1
34416.666240,1,1000345,482,3297600,1
34417.184643,2,1000287,25,3300100,-1
34417.431872,2,1000064,115,3299500,1
34417.455261,1,1000346,125,3300000,1
34417.460610,2,1000336,203,3299400,1
34417.739074,1,1000347,116,3300600,-1
34417.858600,1,1000348,133,3299100,1
34417.883405,1,1000349,64,3298400,1
34418.107862,1,1000350,483,3299400,1
34419.268822,1,1000351,107,3300000,1
34419.747425,1,1000352,324,3299700,1
34419.969769,1,1000353,364,3300000,1
34420.161236,1,1000354,350,3300500,-1
34420.318867,3,1000209,205,3301900,-1
34421.528414,1,1000355,185,3300500,-1
34421.659598,3,1000098,412,3300300,-1
34422.122488,4,1000188,325,3299600,1
34422.178438,4,1000200,18,3299100,1
34422.706850,1,1000356,192,3301700,-1
34423.206055,1,1000357,117,3300600,-1
34423.610681,1,1000358,249,3300400,-1
34424.126557,1,1000359,360,3300800,-1
34424.269253,1,1000360,425,3300300,-1
34424.813794,1,1000361,63,3300600,-1
34425.991750,3,1000207,136,3299700,1
34426.591896,1,1000362,253,3299800,1
34427.225315,1,1000363,127,3300200,-1
34427.652955,4,1000325,356,3300900,-1
34428.050485,2,1000030,30,3300100,-1
34429.317961,1,1000364,283,3297700,1
34429.345611,2,1000276,53,3300500,-1
34429.359767,1,1000365,358,3298000,1
34429.578112,3,1000354,350,3300500,-1
34430.586256,4,1000322,157,3299000,1
34430.744565,3,1000246,92,3297800,1
34431.040289,1,1000366,310,3300600,-1
34431.068633,1,1000367,399,3302500,-1
34431.805144,2,1000150,74,3302200,-1
34432.990686,2,1000226,215,3300900,-1
34433.893711,3,1000317,294,3299700,1
34433.932447,2,1000079,36,3298300,1
34434.326175,1,1000368,209,3300600,-1
34435.462688,3,1000001,84,3300300,-1
34436.478154,1,1000369,433,3300700,-1
34436.556852,1,1000370,76,3297800,1
34436.747922,1,1000371,383,3299500,1
34437.828303,4,1000108,40,3301800,-1
34438.961688,1,1000372,446,3299600,1
34439.041763,2,1000095,55,3299900,-1
34439.644171,1,1000373,121,3300400,-1
34440.019876,1,1000374,430,3298900,1
34440.212009,3,1000270,88,3299900,-1
34440.242272,2,1000121,42,3302100,-1
34441.061688,1,1000375,140,3297600,1
34441.497025,1,1000376,356,3300600,-1
34441.986139,1,1000377,230,3300500,-1
34442.864063,4,1000080,92,3299400,1
34443.092384,1,1000378,458,3297900,1
34443.261130,1,1000379,122,3299400,1
34443.964437,1,1000380,153,3302400,-1
34444.731998,1,1000381,157,3299500,1
34444.737601,3,1000330,177,3299800,1
34444.744734,2,1000358,86,3300400,-1
34444.924267,1,1000382,368,3299900,1
34445.696127,1,1000383,99,3300200,-1
34446.145139,1,1000384,90,3299200,1
34446.444904,3,1000063,482,3300000,-1
34446.525389,2,1000366,120,3300600,-1
34447.253152,4,1000049,213,3299300,1
34447.893580,3,1000060,104,3299800,1
34448.164102,2,1000335,194,3300100,-1
34448.627422,1,1000385,302,3299900,1
34449.635412,1,1000386,443,3299500,1
34449.979442,1,1000387,104,3300700,-1
34450.371171,2,1000285,1,3300000,-1
34452.408895,1,1000388,275,3301000,-1
34453.372842,2,1000349,14,3298400,1
34453.432923,4,1000002,163,3300700,-1
34453.496752,1,1000389,381,3299500,1
34453.782410,2,1000179,216,3300700,-1
34454.342323,1,1000390,338,3302200,-1
34454.716054,1,1000391,91,3299700,1
34454.772758,4,1000031,86,3300500,-1
34455.627724,1,1000392,441,3299800,1
34456.424232,5,1000393,243,3299400,1
34456.468675,2,1000047,49,3300400,-1
34457.207121,1,1000394,202,3302500,-1
34458.508484,1,1000395,112,3300400,-1
34458.781630,4,1000175,91,3300200,-1
34459.849251,1,1000396,199,3299600,1
34459.886771,4,1000240,28,3299700,1
34460.018603,1,1000397,76,3299600,1
34460.388457,2,1000336,107,3299400,1
34460.604037,2,1000212,47,3300300,-1
34461.060031,1,1000398,130,3300300,-1
34461.822438,1,1000399,324,3300000,1
34461.872498,4,1000331,97,3299500,1
34461.920293,2,1000074,84,3300500,-1
34462.210040,2,1000346,65,3300000,1
34462.549524,4,1000372,281,3299600,1
34462.932357,4,1000358,95,3300400,-1
34463.152596,2,1000075,245,3299100,1
34463.820478,1,1000400,469,3300300,-1
34463.939544,3,1000147,176,3299300,1
34465.452825,2,1000269,188,3299900,-1
34465.482073,1,1000401,223,3300000,1
34466.495660,4,1000065,391,3300200,-1
34466.558483,1,1000402,313,3299400,1
34466.625350,1,1000403,426,3299000,1
34466.728636,3,1000398,130,3300300,-1
34468.975230,1,1000404,96,3297600,1
34470.392030,1,1000405,91,3299400,1
34470.667149,1,1000406,347,3300300,-1
34470.869623,5,1000407,408,3301300,-1
34470.938189,1,1000408,139,3301200,-1
34470.995750,2,1000397,39,3299600,1
34471.387129,1,1000409,477,3300100,-1
34471.416739,4,1000261,202,3299800,-1
34471.520797,1,1000410,80,3298900,1
34471.743600,5,1000411,276,3299900,1
34473.777661,4,1000119,59,3298700,1
34475.393080,1,1000412,393,3301100,-1
34475.838167,1,1000413,86,3299100,1
34475.864156,3,1000363,127,3300200,-1
34476.174601,1,1000414,471,3300600,-1
34476.181495,4,1000370,38,3297800,1
34476.211625,3,1000177,339,3300300,-1
34476.670274,4,1000359,358,3300800,-1
34476.960640,4,1000226,209,3300900,-1
34477.338669,2,1000172,44,3301200,-1
34477.887881,1,1000415,252,3299900,1
34478.221544,3,1000103,144,3299500,1
34478.623660,1,1000416,318,3299500,1
34479.168966,3,1000367,399,3302500,-1
34479.376228,2,1000153,2,3300600,-1
34480.076323,1,1000417,243,3299600,1
34480.209578,1,1000418,323,3301300,-1
34480.263340,2,1000171,173,3300500,-1
34480.409840,5,1000419,85,3299600,1
34480.525005,1,1000420,337,3301700,-1
34481.715593,1,1000421,95,3300400,-1
34482.051887,3,1000349,50,3298400,1
34482.052457,4,1000032,176,3301600,-1
34482.739365,2,1000262,194,3300100,-1
34482.758034,2,1000272,97,3299500,1
34482.816014,1,1000422,346,3300200,-1
34483.165215,1,1000423,200,3299700,1
34483.400967,1,1000424,447,3299700,1
34483.484405,1,1000425,368,3302400,-1
34483.648685,1,1000426,302,3299400,1
34484.020290,4,1000167,100,3300000,-1
34484.376091,3,1000300,377,3300100,-1
34484.400247,3,1000122,173,3299300,1
34484.582362,1,1000427,307,3297800,1
34485.784793,2,1000026,232,3301500,-1
34486.674286,3,1000368,209,3300600,-1
34487.668107,1,1000428,232,3299700,1
34487.933945,1,1000429,78,3300300,-1
34488.706182,1,1000430,174,3301400,-1
34488.850440,1,1000431,122,3299600,1
34488.954316,2,1000151,81,3300400,-1
34491.036712,4,1000310,128,3297400,1
34492.317227,4,1000218,297,3299800,-1
34492.443350,2,1000002,27,3300700,-1
34492.741208,1,1000432,475,3300400,-1
34494.212737,1,1000433,460,3299100,1
34494.493772,2,1000306,7,3300000,-1
34495.440128,2,1000355,96,3300500,-1
34496.266891,4,1000113,96,3299500,1
34496.372210,2,1000208,72,3299200,1
34496.636206,4,1000157,129,3299600,1
34497.638492,3,1000033,22,3299300,1
34499.700887,4,1000339,239,3300400,-1
34499.774634,2,1000043,68,3302000,-1
34500.080615,1,1000434,243,3299300,1
34500.823803,3,1000076,77,3301100,-1
34501.356697,3,1000072,224,3297400,1
34501.416493,1,1000435,362,3301500,-1
34501.793828,1,1000436,479,3299800,1
34501.993410,1,1000437,131,3299600,1
34502.191227,4,1000299,162,3301100,-1
34502.298481,4,1000312,32,3299400,1
34502.305727,2,1000131,48,3299700,1
34502.410275,3,1000334,70,3300400,-1
34502.570260,3,1000315,224,3300000,-1
34503.206435,2,1000088,196,3298600,1
34503.614908,1,1000438,208,3301100,-1
34504.023378,1,1000439,436,3300200,-1
34504.234725,4,1000379,106,3299400,1
34506.073011,3,1000348,133,3299100,1
34506.522024,1,1000440,195,3302200,-1
34506.755304,3,1000129,468,3300700,-1
34506.969260,2,1000326,91,3299900,1
34508.004860,1,1000441,355,3300100,-1
34508.405848,1,1000442,200,3299100,1
34508.747754,4,1000045,92,3300100,-1
34509.284419,4,1000003,100,3299100,1
34509.323324,3,1000359,2,3300800,-1
34510.066206,4,1000274,273,3301100,-1
34510.230207,1,1000443,349,3300700,-1
34510.602718,3,1000155,441,3300000,-1
34510.775216,4,1000327,123,3300600,-1
34512.216266,5,1000444,223,3299400,1
34512.258844,3,1000372,165,3299600,1
34512.381045,3,1000283,300,3299900,-1
34512.814508,3,1000333,320,3299800,1
34512.960964,4,1000326,211,3299900,1
34513.222326,1,1000445,233,3300100,-1
34514.249138,1,1000446,137,3302300,-1
34514.292638,5,1000447,279,3300700,-1
34514.580913,1,1000448,275,3298200,1
34514.637606,2,1000336,73,3299400,1
34514.820424,5,1000449,188,3300600,-1
34515.765829,2,1000443,122,3300700,-1
34516.039788,1,1000450,229,3299300,1
34516.515400,1,1000451,398,3300300,-1
34516.782120,5,1000452,181,3299300,1
34519.824247,1,1000453,272,3302200,-1
34520.459798,1,1000454,57,3301500,-1
34521.575711,4,1000055,176,3300400,-1
34521.585079,1,1000455,77,3299500,1
34521.901104,4,1000352,93,3299700,1
34521.917358,2,1000276,55,3300500,-1
34522.223082,2,1000105,65,3301400,-1
34522.877143,2,1000121,72,3302100,-1
34522.922079,2,1000428,36,3299700,1
34522.927235,4,1000140,89,3299500,1
34525.469756,2,1000296,85,3299800,-1
34525.605167,3,1000054,486,3300900,-1
34526.509812,1,1000456,457,3300400,-1
34526.800129,4,1000381,110,3299500,1
34527.075721,4,1000310,120,3297400,1
34527.784495,1,1000457,309,3299800,1
34528.170079,2,1000418,106,3301300,-1
34528.855016,2,1000227,81,3299100,1
34529.098100,2,1000036,23,3299600,1
34529.304381,2,1000196,19,3299300,1
34529.611826,3,1000134,369,3298700,1
34530.608783,1,1000458,316,3299000,1
34530.973566,3,1000286,57,3299400,1
34531.290593,1,1000459,354,3300000,1
34531.495961,2,1000067,80,3299800,1
34531.564675,2,1000163,83,3300500,-1
34531.570637,1,1000460,84,3300300,-1
34532.276528,3,1000425,368,3302400,-1
34532.570265,1,1000461,164,3301200,-1
34532.728876,4,1000319,128,3300400,-1
34533.201935,2,1000314,48,3299400,1
34533.306304,1,1000462,403,3300700,-1
34533.339939,1,1000463,230,3298000,1
34533.428417,4,1000003,165,3299100,1
34533.608089,2,1000382,203,3299900,1
34533.618145,2,1000421,56,3300400,-1
34533.896788,1,1000464,263,3300600,-1
34534.240035,1,1000465,192,3299300,1
34534.961416,1,1000466,457,3300900,-1
34535.040158,5,1000467,378,3298100,1
34536.134385,1,1000468,389,3300600,-1
34536.816085,5,1000469,386,3300700,-1
34537.039439,5,1000470,433,3300800,-1
34538.494929,3,1000027,53,3300700,-1
34540.952531,4,1000302,102,3299000,1
34541.855026,2,1000135,86,3300500,-1
34541.984760,2,1000457,61,3299800,1
34542.215295,3,1000313,260,3300800,-1
34542.841328,3,1000399,324,3300000,1
34543.026507,3,1000193,63,3299600,1
34543.664239,2,1000312,13,3299400,1
34544.279780,1,1000471,243,3299600,1
34544.489988,1,1000472,231,3301100,-1
34544.751365,5,1000473,411,3301600,-1
34545.897290,2,1000036,5,3299600,1
34546.288600,2,1000199,13,3297300,1
34546.945264,2,1000026,93,3301500,-1
34547.020048,3,1000123,453,3299000,1
34547.564027,3,1000440,195,3302200,-1
34547.712431,1,1000474,228,3300300,-1
34548.070843,1,1000475,420,3298500,1
34548.655983,4,1000376,86,3300600,-1
34548.747309,1,1000476,63,3298900,1
34549.940737,2,1000314,21,3299400,1
34550.256402,2,1000306,13,3300000,-1
34550.411530,3,1000017,44,3299600,1
34550.642470,2,1000322,2,3299000,1
34551.224092,2,1000140,14,3299500,1
34551.591991,2,1000089,231,3300400,-1
34551.877747,5,1000477,53,3300800,-1
34552.622171,1,1000478,434,3299600,1
34552.917044,1,1000479,247,3300700,-1
34554.241488,1,1000480,362,3299900,1
34555.333302,2,1000410,17,3298900,1
34555.648045,1,1000481,416,3297500,1
34557.278662,3,1000181,292,3299700,1
34557.898392,2,1000225,47,3299300,1
34558.178339,3,1000088,142,3298600,1
34558.326575,4,1000295,80,3301100,-1
34558.611511,4,1000468,368,3300600,-1
34559.058665,2,1000361,17,3300600,-1
34560.197158,2,1000019,254,3300100,-1
34560.776725,2,1000057,29,3298500,1
34561.108963,2,1000086,80,3299400,1
34561.427590,4,1000031,31,3300500,-1
34561.563233,5,1000482,283,3297600,1
34562.053325,3,1000168,314,3300300,-1
34563.528273,1,1000483,401,3299600,1
34564.166535,3,1000386,443,3299500,1
34564.818691,5,1000484,339,3300600,-1
34565.043729,3,1000436,479,3299800,1
34565.083634,4,1000216,274,3300100,-1
34565.192101,1,1000485,480,3298600,1
34565.412274,1,1000486,131,3299200,1
34565.450973,4,1000344,115,3300700,-1
34565.941478,4,1000261,16,3299800,-1
34567.699863,3,1000185,91,3298100,1
34568.114415,5,1000487,303,3298500,1
34568.279632,3,1000485,480,3298600,1
34568.629121,1,1000488,413,3302300,-1
34569.524681,1,1000489,78,3298600,1
34569.555254,1,1000490,202,3298400,1
34569.662364,1,1000491,360,3299300,1
34569.932770,1,1000492,334,3299100,1
34570.075506,5,1000493,272,3299400,1
34571.934364,4,1000294,301,3300700,-1
34572.686190,5,1000494,233,3300000,-1
34573.147046,1,1000495,98,3298600,1
34573.501270,1,1000496,174,3300100,-1
34573.683982,2,1000249,283,3300100,-1
34573.907871,5,1000497,292,3298900,1
34573.919455,4,1000187,63,3299300,1
34574.369243,2,1000480,207,3299900,1
34575.528361,2,1000048,90,3300100,-1
34575.589484,2,1000089,70,3300400,-1
34576.002084,2,1000227,66,3299100,1
34577.445101,1,1000498,265,3299500,1
34577.846154,1,1000499,453,3299100,1
34579.180484,3,1000045,29,3300100,-1
34579.438145,1,1000500,367,3300000,-1
34579.725191,1,1000501,310,3299200,1
34580.425866,2,1000026,44,3301500,-1
34580.850533,5,1000502,379,3299500,1
34581.097956,1,1000503,363,3299200,1
34582.262271,2,1000000,141,3300000,-1
34582.390342,1,1000504,494,3301200,-1
34583.294564,3,1000441,355,3300100,-1
34583.624805,1,1000505,254,3300300,-1
34583.762031,3,1000434,243,3299300,1
34585.256900,1,1000506,369,3300200,-1
34585.517670,4,1000278,107,3297400,1
34585.796055,2,1000121,52,3302100,-1
34586.091286,2,1000188,37,3299600,1
34586.294340,3,1000194,382,3300100,-1
34587.064296,1,1000507,294,3298500,1
34587.084141,2,1000384,42,3299200,1
34587.636175,4,1000356,164,3301700,-1
34588.853818,2,1000233,179,3300100,-1
34589.020792,1,1000508,375,3300000,-1
34589.130444,3,1000225,51,3299300,1
34589.452984,4,1000218,4,3299800,-1
34589.498067,3,1000371,383,3299500,1
34590.322287,1,1000509,272,3301300,-1
34590.837607,4,1000037,121,3300700,-1
34590.855358,3,1000356,28,3301700,-1
34591.166337,4,1000475,159,3298500,1
34592.142114,1,1000510,116,3298700,1
34592.304915,1,1000511,455,3302300,-1
34592.350986,5,1000512,193,3300000,-1
34592.439967,1,1000513,215,3300100,-1
34592.482400,1,1000514,189,3300000,-1
34592.988279,1,1000515,322,3300000,-1
34594.114606,4,1000078,296,3299800,1
34596.583304,1,1000516,201,3299000,1
34596.622201,4,1000032,11,3301600,-1
34596.872748,1,1000517,87,3298900,1
34598.309852,1,1000518,236,3301300,-1
34598.736992,3,1000081,120,3301200,-1
34600.195215,1,1000519,164,3300700,-1
34600.400799,1,1000520,114,3300000,-1
34600.744441,3,1000062,206,3299400,1
34603.146508,2,1000040,11,3299800,-1
34603.192379,2,1000396,105,3299600,1
34603.431404,3,1000293,308,3300200,-1
34603.541260,1,1000521,265,3298200,1
34603.810953,4,1000274,46,3301100,-1
34604.728982,1,1000522,157,3299900,-1
34604.741977,1,1000523,246,3299500,1
34605.646938,1,1000524,55,3299800,-1
34605.650334,2,1000290,101,3300600,-1
34606.492301,1,1000525,269,3299700,1
34606.694190,1,1000526,157,3300200,-1
34606.784155,2,1000115,226,3300600,-1
34606.831269,1,1000527,443,3299700,1
34608.367123,2,1000254,120,3299400,1
34608.678997,4,1000380,131,3302400,-1
34608.808760,1,1000528,457,3298800,1
34608.819699,4,1000161,95,3297300,1
34609.462418,4,1000454,50,3301500,-1
34609.697145,4,1000091,301,3299400,1
34610.307252,3,1000488,413,3302300,-1
34611.928345,4,1000278,120,3297400,1
34613.628453,4,1000232,209,3299300,1
34614.032429,1,1000529,334,3298600,1
34614.277087,3,1000305,488,3300200,-1
34615.020133,1,1000530,232,3299900,-1
34616.021850,4,1000474,217,3300300,-1
34616.425563,3,1000206,270,3299700,1
34617.217581,1,1000531,411,3300100,-1
34617.227493,4,1000140,7,3299500,1
34617.416770,1,1000532,412,3300400,-1
34618.846168,3,1000289,368,3300300,-1
34618.947258,2,1000517,35,3298900,1
34619.346530,1,1000533,215,3301000,-1
34619.391122,1,1000534,240,3300000,-1
34619.431079,2,1000186,43,3300000,-1
34619.468467,2,1000529,149,3298600,1
34619.911607,2,1000295,8,3301100,-1
34620.054182,2,1000172,70,3301200,-1
34620.095560,3,1000294,80,3300700,-1
34620.762433,3,1000189,116,3300700,-1
34621.289823,1,1000535,319,3300000,-1
34621.374451,3,1000507,294,3298500,1
34621.737103,4,1000145,118,3298200,1
34622.113952,1,1000536,403,3301200,-1
34622.530861,4,1000445,97,3300100,-1
34622.755356,3,1000380,22,3302400,-1
34623.673073,4,1000180,71,3297400,1
34624.101770,1,1000537,90,3300600,-1
34624.186094,1,1000538,383,3302100,-1
34624.260684,1,1000539,59,3301000,-1
34624.276770,2,1000149,126,3299800,1
34624.863724,2,1000210,79,3299900,-1
34625.014134,1,1000540,405,3299900,1
34625.072419,4,1000406,124,3300300,-1
34625.316125,3,1000020,187,3299400,1
34625.324399,1,1000541,226,3299800,1
34625.684323,1,1000542,165,3299200,1
34625.686035,2,1000245,97,3299600,1
34626.901121,4,1000173,58,3299300,1
34627.285197,3,1000357,117,3300600,-1
34628.008417,3,1000244,457,3299100,1
34628.664226,1,1000543,383,3299300,1
34629.937263,3,1000117,127,3300700,-1
34630.614357,2,1000499,144,3299100,1
34631.495985,1,1000544,205,3299700,1
34631.997745,4,1000383,83,3300200,-1
34632.928569,2,1000514,89,3300000,-1
34635.123706,3,1000303,491,3299300,1
34635.692100,1,1000545,224,3302400,-1
34637.024604,1,1000546,230,3301000,-1
34639.445755,1,1000547,294,3300500,-1
34639.930476,2,1000248,136,3301100,-1
34640.205038,2,1000460,48,3300300,-1
34640.258192,4,1000030,16,3300100,-1
34640.859819,5,1000548,352,3298000,1
34641.241053,1,1000549,84,3299800,1
34641.322835,1,1000550,108,3299000,1
34641.381590,2,1000232,86,3299300,1
34641.885882,1,1000551,266,3299600,1
34642.177827,2,1000031,5,3300500,-1
34642.278318,1,1000552,494,3299200,1
34642.582016,1,1000553,427,3298200,1
34642.690744,2,1000439,213,3300200,-1
34642.798892,5,1000554,280,3297400,1
34643.513070,4,1000519,71,3300700,-1
34643.797166,1,1000555,255,3300600,-1
34643.882031,1,1000556,314,3301500,-1
34645.105748,1,1000557,325,3298300,1
34645.168942,3,1000318,62,3298800,1
34646.731397,2,1000059,174,3300500,-1
34647.017445,3,1000236,312,3299800,1
34647.427949,2,1000344,4,3300700,-1
34647.720066,1,1000558,381,3302400,-1
34647.992103,2,1000143,145,3300600,-1
34650.000992,1,1000559,414,3298300,1
34650.794028,1,1000560,276,3298500,1
34651.171939,5,1000561,328,3300800,-1
34651.425010,1,1000562,396,3300400,-1
34652.064114,2,1000431,72,3299600,1
34652.421793,1,1000563,85,3299900,1
34652.755133,1,1000564,135,3301400,-1
34652.829859,1,1000565,323,3299500,1
34653.091250,3,1000108,6,3301800,-1
34653.095458,3,1000392,441,3299800,1
34654.252625,1,1000566,365,3299600,1
34654.345119,2,1000298,94,3300200,-1
34654.644908,4,1000212,209,3300300,-1
34655.467223,1,1000567,281,3299000,1
34655.592413,5,1000568,301,3299400,1
34655.699621,2,1000083,47,3297500,1
34655.765710,4,1000258,49,3299200,1
34655.787452,3,1000340,59,3300300,-1
34655.819257,2,1000178,79,3297500,1
34656.657493,4,1000284,325,3300000,-1
34656.873465,1,1000569,235,3299800,1
34656.879652,1,1000570,343,3298800,1
34657.162091,1,1000571,110,3300400,-1
34657.414547,4,1000163,204,3300500,-1
34657.443226,5,1000572,155,3297500,1
34657.862283,4,1000267,79,3297700,1
34658.009051,2,1000264,119,3297400,1
34658.961887,3,1000202,62,3299700,1
34659.281837,4,1000523,79,3299500,1
34659.345601,1,1000573,56,3299600,1
34659.711473,1,1000574,308,3300400,-1
34659.761944,3,1000481,416,3297500,1
34659.865363,1,1000575,267,3299300,1
34660.543029,1,1000576,53,3300400,-1
34660.828427,1,1000577,121,3299500,1
34661.264095,5,1000578,363,3299700,1
34661.385532,2,1000314,25,3299400,1
34661.883181,2,1000489,31,3298600,1
34661.994479,2,1000007,69,3300500,-1
34662.144843,3,1000138,157,3300900,-1
34662.212418,3,1000034,475,3300400,-1
34662.281662,1,1000579,420,3299500,1
34662.963240,2,1000489,23,3298600,1
34663.256624,2,1000163,1,3300500,-1
34663.955469,3,1000409,477,3300100,-1
34663.989982,2,1000412,63,3301100,-1
34664.185839,4,1000112,134,3300000,-1
34665.208768,2,1000025,37,3300000,-1
34665.566652,1,1000580,188,3297900,1
34666.238340,4,1000215,106,3298300,1
34667.340633,1,1000581,331,3299500,1
34667.356072,1,1000582,144,3300000,-1
34667.837874,1,1000583,190,3300700,-1
34668.714006,2,1000037,1,3300700,-1
34669.649465,4,1000234,67,3300000,1
34670.139928,3,1000559,414,3298300,1
34670.573989,2,1000403,58,3299000,1
34670.583715,1,1000584,386,3300900,-1
34670.659631,4,1000254,182,3299400,1
34671.405342,3,1000396,94,3299600,1
34671.669437,4,1000112,69,3300000,-1
34672.584644,2,1000005,157,3298800,1
34672.978920,1,1000585,359,3299600,1
34673.037373,3,1000422,346,3300200,-1
34673.651583,1,1000586,222,3298000,1
34674.065834,1,1000587,472,3299700,1
34674.436181,2,1000064,37,3299500,1
34674.493040,1,1000588,454,3299500,1
34674.579007,2,1000269,45,3299900,-1
34674.656025,3,1000500,367,3300000,-1
34675.304929,2,1000522,40,3299900,-1
34675.802970,1,1000589,92,3299100,1
34676.051115,4,1000290,23,3300600,-1
34676.531759,3,1000030,58,3300100,-1
34676.739261,1,1000590,232,3300800,-1
34677.687691,1,1000591,245,3298400,1
34678.404955,5,1000592,488,3300100,-1
34678.547967,4,1000519,45,3300700,-1
34679.144183,3,1000290,71,3300600,-1
34679.229240,3,1000456,457,3300400,-1
34679.401052,2,1000022,172,3300600,-1
34679.466564,2,1000110,45,3299900,-1
34680.154731,2,1000384,6,3299200,1
34680.401669,1,1000593,215,3301300,-1
34680.802121,2,1000403,90,3299000,1
34680.881345,5,1000594,406,3300700,-1
34682.029392,1,1000595,481,3298400,1
34683.277454,5,1000596,111,3300700,-1
34683.830296,1,1000597,62,3299300,1
34684.698275,1,1000598,166,3298400,1
34685.566345,1,1000599,478,3299900,-1
34686.900421,1,1000600,386,3299600,1
34687.041970,2,1000516,64,3299000,1
34687.064728,3,1000531,411,3300100,-1
34687.215661,1,1000601,241,3298600,1
34688.213425,2,1000171,141,3300500,-1
34688.920535,1,1000602,133,3300600,-1
34689.855769,3,1000412,330,3301100,-1
34690.458324,2,1000528,269,3298800,1
34690.806996,4,1000430,163,3301400,-1
34691.103717,5,1000603,355,3298400,1
34692.737485,4,1000096,214,3300900,-1
34692.836248,2,1000061,82,3298300,1
34693.523185,1,1000604,202,3299300,1
34693.540566,1,1000605,221,3299900,-1
34693.560236,2,1000382,47,3299900,1
34693.871114,1,1000606,175,3300400,-1
34694.216635,1,1000607,468,3298800,1
34694.235703,4,1000024,48,3300600,-1
34694.462293,5,1000608,159,3299200,1
34694.491329,1,1000609,115,3299600,1
34694.655684,1,1000610,451,3299600,1
34694.981121,1,1000611,486,3299500,1
34695.450761,3,1000459,354,3300000,1
34695.904529,2,1000483,233,3299600,1
34696.682765,1,1000612,481,3299300,1
34696.692512,3,1000070,440,3302400,-1
34696.808940,1,1000613,343,3300300,-1
34697.195444,3,1000463,230,3298000,1
34697.542855,1,1000614,293,3300700,-1
34698.822325,2,1000555,48,3300600,-1
34699.031990,2,1000571,45,3300400,-1
34699.290298,2,1000474,2,3300300,-1
34699.381460,3,1000157,31,3299600,1
34699.801098,4,1000216,55,3300100,-1
34700.195673,3,1000150,172,3302200,-1
34700.333470,4,1000052,42,3298700,1
34700.576322,1,1000615,161,3298300,1
34700.578657,2,1000344,4,3300700,-1
34700.966747,1,1000616,500,3299000,1
34700.977658,1,1000617,483,3300200,-1
34702.210497,4,1000007,66,3300500,-1
34702.375037,4,1000573,34,3299600,1
34702.397013,3,1000195,160,3301200,-1
34703.016996,1,1000618,439,3299200,1
34703.297423,3,1000374,430,3298900,1
34703.363262,3,1000504,494,3301200,-1
34703.996213,3,1000478,434,3299600,1
34704.291785,2,1000003,7,3299100,1
34704.885919,4,1000268,363,3297400,1
34704.902557,2,1000068,29,3299600,1
34704.996694,4,1000143,165,3300600,-1
34705.202004,2,1000615,71,3298300,1
34705.468551,1,1000619,495,3299900,1
34705.815467,1,1000620,483,3301200,-1
34708.129421,5,1000621,140,3298900,1
34708.157029,5,1000622,175,3302400,-1
34708.750451,2,1000012,29,3299900,-1
34709.982570,1,1000623,97,3297600,1
34710.356052,4,1000295,18,3301100,-1
34710.390019,1,1000624,98,3297500,1
34710.531323,2,1000257,27,3299100,1
34710.734784,1,1000625,453,3299300,1
34710.880118,1,1000626,343,3300000,-1
34711.038913,4,1000276,132,3300500,-1
34711.164874,2,1000143,16,3300600,-1
34711.739620,1,1000627,159,3297500,1
34711.797043,1,1000628,210,3300700,-1
34712.312304,3,1000394,202,3302500,-1
34712.340135,4,1000538,216,3302100,-1
34712.404745,3,1000004,137,3299800,1
34713.231966,1,1000629,82,3301600,-1
34713.420553,1,1000630,59,3299900,1
34713.559192,5,1000631,150,3300100,-1
34713.849486,2,1000172,9,3301200,-1
34714.030604,4,1000266,53,3299500,1
34714.091206,4,1000538,66,3302100,-1
34714.605120,1,1000632,82,3299600,1
34714.711452,2,1000541,54,3299800,1
34714.981514,1,1000633,75,3300600,-1
34715.101810,4,1000342,206,3299000,1
34715.217729,5,1000634,238,3298000,1
34715.363063,4,1000200,4,3299100,1
34716.007179,4,1000486,130,3299200,1
34716.246382,2,1000397,13,3299600,1
34717.129895,1,1000635,288,3299700,1
34717.796683,1,1000636,471,3300300,-1
34717.889806,1,1000637,487,3297600,1
34718.318861,2,1000607,249,3298800,1
34718.399541,4,1000079,58,3298300,1
34718.776221,2,1000041,105,3298900,1
34718.915801,1,1000638,274,3300300,-1
34718.981435,5,1000639,451,3299700,1
34719.140622,3,1000339,156,3300400,-1
34719.307591,4,1000158,147,3299100,1
34720.082272,2,1000032,5,3301600,-1
34720.562908,2,1000450,91,3299300,1
34720.665955,1,1000640,184,3300400,-1
34721.160872,3,1000335,306,3300100,-1
34721.466224,1,1000641,310,3299200,1
34722.396875,3,1000036,34,3299600,1
34722.454287,4,1000573,13,3299600,1
34722.617820,4,1000520,35,3300000,-1
34722.714225,1,1000642,227,3298900,1
34723.082458,2,1000566,209,3299600,1
34723.144971,1,1000643,137,3299900,-1
34723.444047,1,1000644,456,3298800,1
34723.446897,3,1000580,188,3297900,1
34724.202267,2,1000304,143,3299600,1
34725.006962,1,1000645,229,3302100,-1
34725.838090,1,1000646,411,3298600,1
34725.997227,4,1000227,50,3299100,1
34726.027931,2,1000385,123,3299900,1
34727.809282,1,1000647,492,3300400,-1
34727.925531,1,1000648,205,3299000,1
34728.173913,1,1000649,213,3300000,-1
34729.012370,4,1000069,207,3300300,-1
34729.144441,2,1000640,31,3300400,-1
34729.890523,4,1000149,200,3299800,1
34729.946150,1,1000650,116,3299700,1
34730.070532,4,1000550,29,3299000,1
34730.156763,2,1000606,58,3300400,-1
34730.262797,2,1000451,79,3300300,-1
34730.445089,1,1000651,305,3297600,1
34730.468913,4,1000332,150,3301100,-1
34730.944182,2,1000100,73,3300100,-1
34731.131264,2,1000535,122,3300000,-1
34731.648823,5,1000652,62,3299400,1
34731.899423,1,1000653,87,3297500,1
34732.243726,2,1000535,63,3300000,-1
34735.192730,4,1000009,73,3299700,1
34735.744943,5,1000654,72,3300200,-1
34735.745849,3,1000651,305,3297600,1
34735.937724,4,1000130,297,3300400,-1
34736.688766,1,1000655,372,3299800,1
34737.075502,3,1000474,9,3300300,-1
34738.076387,3,1000252,217,3300800,-1
34738.551157,2,1000360,47,3300300,-1
34738.650932,2,1000104,62,3299600,1
34738.989776,4,1000590,167,3300800,-1
34739.556350,1,1000656,137,3299900,-1
34739.856408,4,1000199,92,3297300,1
34740.171378,2,1000309,168,3298800,1
34740.233291,3,1000162,349,3298600,1
34740.347887,1,1000657,347,3302200,-1
34740.852253,4,1000427,85,3297800,1
34741.708885,2,1000032,3,3301600,-1
34741.876828,1,1000658,219,3300100,-1
34742.439702,1,1000659,277,3300000,-1
34743.889211,4,1000391,67,3299700,1
34743.999006,3,1000184,323,3300200,-1
34744.175460,5,1000660,390,3300600,-1
34744.447414,1,1000661,112,3300000,-1
34745.338771,2,1000124,128,3299000,1
34746.107647,2,1000145,3,3298200,1
34746.267605,1,1000662,67,3300600,-1
34746.463743,4,1000239,194,3300600,-1
34746.495925,1,1000663,126,3300100,-1
34746.586062,4,1000192,52,3299900,-1
34746.808073,2,1000366,89,3300600,-1
34746.956063,3,1000635,288,3299700,1
34747.341581,1,1000664,320,3299900,-1
34747.360208,2,1000274,24,3301100,-1
34747.658313,3,1000260,169,3300400,-1
34749.310784,1,1000665,284,3301000,-1
34749.696489,1,1000666,399,3299000,1
34750.546963,1,1000667,237,3300300,-1
34752.108320,4,1000387,71,3300700,-1
34752.122418,4,1000642,110,3298900,1
34752.685000,1,1000668,84,3300200,-1
34752.698111,1,1000669,132,3301900,-1
34752.743708,1,1000670,453,3298500,1
34752.982378,2,1000445,70,3300100,-1
34753.990982,2,1000124,40,3299000,1
34754.586639,1,1000671,359,3300500,-1
34754.593738,4,1000564,85,3301400,-1
34754.742477,3,1000373,121,3300400,-1
34756.290171,1,1000672,395,3298000,1
34757.006939,1,1000673,394,3297500,1
34757.394817,4,1000656,130,3299900,-1
34758.394001,3,1000627,159,3297500,1
34758.693794,3,1000015,198,3299500,1
34759.241909,4,1000364,228,3297700,1
34759.285753,5,1000674,450,3301100,-1
34759.610835,3,1000509,272,3301300,-1
34760.375420,1,1000675,151,3298500,1
34760.430008,2,1000532,203,3300400,-1
34761.089641,4,1000355,88,3300500,-1
34761.282787,3,1000216,30,3300100,-1
34761.372212,3,1000299,281,3301100,-1
34761.584665,2,1000263,89,3299800,1
34761.842202,1,1000676,107,3300400,-1
34762.307492,1,1000677,404,3300000,-1
34762.602178,3,1000387,33,3300700,-1
34762.901035,5,1000678,390,3300500,-1
34763.783045,3,1000375,140,3297600,1
34764.000895,4,1000169,101,3300100,-1
34764.903535,1,1000679,295,3299300,1
34765.295073,1,1000680,327,3299900,-1
34765.682659,5,1000681,66,3299100,1
34765.789948,1,1000682,156,3300200,-1
34765.792653,1,1000683,258,3299800,1
34767.080108,1,1000684,82,3298500,1
34767.178264,4,1000384,25,3299200,1
34767.584800,1,1000685,436,3300100,-1
34768.442426,1,1000686,178,3300500,-1
34768.580516,1,1000687,453,3299400,1
34768.916670,1,1000688,434,3299300,1
34769.353924,1,1000689,377,3301200,-1
34769.569538,2,1000523,42,3299500,1
34770.011620,2,1000522,42,3299900,-1
34770.084073,1,1000690,327,3298900,1
34770.627633,3,1000655,372,3299800,1
34771.021880,1,1000691,411,3302200,-1
34771.315991,3,1000377,230,3300500,-1
34771.736517,3,1000161,113,3297300,1
34772.274478,1,1000692,184,3297300,1
34773.212920,4,1000453,129,3302200,-1
34773.484160,3,1000201,198,3297300,1
34773.906652,1,1000693,186,3299800,-1
34774.297248,5,1000694,63,3300500,-1
34774.616132,3,1000637,487,3297600,1
34775.060050,4,1000361,32,3300600,-1
34776.167197,1,1000695,418,3299300,1
34776.207675,4,1000179,113,3300700,-1
34776.547596,5,1000696,374,3300600,-1
34776.576976,1,1000697,388,3299500,1
34776.688352,5,1000698,374,3299500,1
34776.896726,1,1000699,246,3301100,-1
34777.326271,2,1000174,85,3299200,1
34777.346321,1,1000700,235,3301000,-1
34777.970954,3,1000172,59,3301200,-1
34777.990217,4,1000552,432,3299200,1
34778.237382,1,1000701,291,3300000,-1
34778.457905,3,1000667,237,3300300,-1
34779.635401,1,1000702,195,3298800,1
34779.958302,1,1000703,296,3297900,1
34780.296337,1,1000704,444,3300200,-1
34780.487031,4,1000553,278,3298200,1
34780.906608,2,1000327,42,3300600,-1
34780.920410,2,1000145,7,3298200,1
34781.239618,1,1000705,158,3299300,1
34781.356610,1,1000706,111,3299500,1
34781.951979,2,1000111,120,3298000,1
34782.605638,4,1000378,92,3297900,1
34782.697633,2,1000351,27,3300000,1
34782.710572,3,1000376,270,3300600,-1
34783.177331,1,1000707,451,3298200,1
34783.331456,5,1000708,186,3299200,1
34783.717765,3,1000133,21,3300300,-1
34783.798971,1,1000709,116,3301400,-1
34784.013864,4,1000679,115,3299300,1
34784.845850,4,1000285,3,3300000,-1
34785.479700,1,1000710,51,3300300,-1
34786.224397,1,1000711,356,3300300,-1
34786.741655,3,1000065,71,3300200,-1
34786.746573,1,1000712,173,3300600,-1
34787.100575,2,1000188,5,3299600,1
34788.219363,1,1000713,446,3298900,1
34788.334805,4,1000541,68,3299800,1
34788.959713,1,1000714,317,3299100,1
34789.101755,1,1000715,90,3299000,1
34789.586988,2,1000498,147,3299500,1
34789.772656,5,1000716,149,3301100,-1
34790.251106,1,1000717,126,3299000,1
34791.062620,1,1000718,111,3300700,-1
34791.253985,1,1000719,445,3298300,1
34791.319542,1,1000720,51,3299900,-1
34792.391815,4,1000008,108,3299800,1
34792.574397,3,1000093,428,3301400,-1
34793.267149,2,1000105,55,3301400,-1
34793.268463,3,1000519,48,3300700,-1
34793.347592,5,1000721,80,3301400,-1
34793.365556,1,1000722,461,3297300,1
34795.438922,1,1000723,55,3298500,1
34795.765559,4,1000099,264,3301100,-1
34795.845943,1,1000724,203,3299800,1
34797.565529,2,1000381,25,3299500,1
34797.827782,1,1000725,318,3300800,-1
34798.248961,4,1000516,101,3299000,1
34798.295961,2,1000403,127,3299000,1
34798.396805,2,1000099,39,3301100,-1
34798.963179,3,1000539,59,3301000,-1
34799.044855,1,1000726,365,3301200,-1
34799.117176,1,1000727,315,3299800,1
34800.363933,3,1000151,299,3300400,-1
34800.767989,3,1000451,319,3300300,-1
34800.790102,1,1000728,487,3299500,1
34800.874263,1,1000729,125,3299300,1
34800.878650,2,1000199,3,3297300,1
34801.177702,2,1000558,105,3302400,-1
34802.918862,3,1000401,223,3300000,1
34803.900450,1,1000730,449,3297700,1
34804.701700,2,1000078,33,3299800,1
34805.924749,4,1000692,132,3297300,1
34805.998348,5,1000731,186,3299100,1
34806.526282,5,1000732,472,3300900,-1
34807.217406,4,1000583,64,3300700,-1
34807.877710,3,1000191,454,3300000,-1
34809.102185,1,1000733,213,3299100,1
34809.400533,2,1000096,25,3300900,-1
34809.993925,3,1000555,207,3300600,-1
34810.060046,1,1000734,116,3302600,-1
34810.287761,4,1000337,37,3301400,-1
34811.010743,4,1000073,58,3302400,-1
34811.372098,1,1000735,474,3300400,-1
34811.832135,1,1000736,454,3300100,1
34812.539439,1,1000737,431,3300000,1
34812.626715,2,1000089,43,3300400,-1
34812.716964,3,1000090,237,3300400,-1
34812.910159,1,1000738,256,3300100,1
34813.074971,1,1000739,119,3297700,1
34813.645415,1,1000740,134,3298300,1
34813.686184,4,1000364,52,3297700,1
34814.231557,4,1000709,69,3301400,-1
34814.804143,2,1000144,236,3299600,1
34815.654068,2,1000251,17,3299500,1
34815.894315,1,1000741,118,3301000,-1
34816.561092,1,1000742,431,3300800,-1
34816.932487,1,1000743,349,3298600,1
34818.702163,4,1000362,84,3299800,1
34819.402665,2,1000156,38,3298800,1
34819.585330,4,1000653,30,3297500,1
34819.610173,5,1000744,406,3299600,1
34820.920340,2,1000686,58,3300500,-1
34822.165524,4,1000703,194,3297900,1
34822.953505,1,1000745,314,3301000,-1
34823.456265,4,1000128,115,3301800,-1
34823.820785,1,1000746,103,3300000,-1
34824.421583,2,1000740,35,3298300,1
34824.481385,4,1000566,127,3299600,1
34824.548739,2,1000671,133,3300500,-1
34824.659260,1,1000747,310,3298700,1
34824.662599,1,1000748,370,3301500,-1
34824.996215,4,1000558,137,3302400,-1
34825.295191,1,1000749,416,3299800,1
34825.861604,1,1000750,359,3300000,-1
34828.646073,1,1000751,384,3300600,-1
34828.987237,1,1000752,236,3299200,1
34829.564986,1,1000753,184,3302000,-1
34829.619503,3,1000703,102,3297900,1
34831.147886,1,1000754,204,3299800,1
34831.149994,1,1000755,215,3300700,-1
34831.358513,5,1000756,265,3299100,1
34831.512719,1,1000757,336,3298100,1
34831.928200,3,1000742,431,3300800,-1
34832.385915,1,1000758,463,3301100,-1
34832.414183,1,1000759,484,3300100,-1
34832.466495,1,1000760,280,3300400,-1
34832.623090,3,1000629,82,3301600,-1
34832.640716,4,1000080,10,3299400,1
34832.772796,4,1000100,81,3300100,-1
34833.166627,1,1000761,456,3301100,-1
34833.449826,3,1000319,97,3300400,-1
34834.043003,1,1000762,363,3300000,1
34834.267750,1,1000763,175,3300300,-1
34835.185523,3,1000358,68,3300400,-1
34835.768759,1,1000764,384,3300500,-1
34836.184373,4,1000677,124,3300000,-1
34836.492046,3,1000095,155,3299900,-1
34837.002836,2,1000711,37,3300300,-1
34837.017346,1,1000765,228,3301400,-1
34837.117705,2,1000460,13,3300300,-1
34837.236280,4,1000741,73,3301000,-1
34837.281870,4,1000565,186,3299500,1
34837.822099,3,1000075,200,3299100,1
34837.849151,4,1000535,57,3300000,-1
34838.340068,4,1000646,163,3298600,1
34838.465890,4,1000291,90,3298900,1
34838.730163,1,1000766,463,3300700,-1
34839.219532,4,1000620,219,3301200,-1
34839.500033,1,1000767,125,3299700,1
34839.665156,1,1000768,144,3298700,1
34840.386032,5,1000769,111,3299600,1
34840.706972,1,1000770,434,3300900,-1
34841.139267,2,1000702,68,3298800,1
34841.609199,2,1000466,101,3300900,-1
34841.839764,1,1000771,479,3299100,1
34842.049518,5,1000772,82,3298500,1
34842.218845,1,1000773,236,3298800,1
34842.759835,5,1000774,360,3302200,-1
34843.186186,1,1000775,460,3300200,-1
34843.678983,3,1000276,4,3300500,-1
34843.752948,2,1000528,66,3298800,1
34843.814028,3,1000577,121,3299500,1
34843.869098,3,1000583,126,3300700,-1
34844.304343,4,1000390,323,3302200,-1
34844.944012,3,1000080,3,3299400,1
34844.999898,4,1000226,22,3300900,-1
34845.286654,2,1000643,36,3299900,-1
34845.957529,1,1000776,96,3299100,1
34846.780137,2,1000410,26,3298900,1
34846.838660,1,1000777,162,3298200,1
34846.969295,4,1000158,231,3299100,1
34847.232635,3,1000611,486,3299500,1
34849.792455,2,1000609,34,3299600,1
34849.929474,1,1000778,208,3299100,1
34849.990801,1,1000779,386,3300600,-1
34852.285160,4,1000615,39,3298300,1
34852.402310,4,1000245,39,3299600,1
34852.721006,4,1000532,62,3300400,-1
34852.945978,4,1000052,11,3298700,1
34853.189082,1,1000780,435,3300500,-1
34853.460326,2,1000685,181,3300100,-1
34854.772047,1,1000781,224,3300700,-1
34854.898042,3,1000767,125,3299700,1
34855.050862,5,1000782,84,3301700,-1
34855.152670,5,1000783,72,3301100,-1
34856.337022,5,1000784,448,3299800,1
34856.437531,1,1000785,484,3299500,1
34857.258791,2,1000212,37,3300300,-1
34858.177242,2,1000077,50,3300300,-1
34858.963584,2,1000279,16,3302400,-1
34859.277170,3,1000771,479,3299100,1
34860.081734,4,1000647,191,3300400,-1
34860.645209,2,1000106,17,3301500,-1
34860.695942,3,1000314,73,3299400,1
34861.087368,4,1000517,25,3298900,1
34861.302431,1,1000786,147,3302700,-1
34861.313501,2,1000768,60,3298700,1
34861.423684,1,1000787,123,3301200,-1
34862.276950,1,1000788,183,3300300,-1
34862.507477,2,1000483,91,3299600,1
34863.401633,2,1000566,11,3299600,1
34863.429749,2,1000506,139,3300200,-1
34864.388653,1,1000789,243,3301800,-1
34864.731285,3,1000352,231,3299700,1
34864.844618,2,1000614,36,3300700,-1
34864.870189,1,1000790,203,3299500,1
34865.432991,4,1000179,34,3300700,-1
34865.565844,3,1000530,232,3299900,-1
34866.306866,1,1000791,235,3297700,1
34866.485097,2,1000130,70,3300400,-1
34867.171195,1,1000792,146,3298900,1
34867.602035,2,1000158,21,3299100,1
34868.104384,2,1000106,11,3301500,-1
34868.356619,1,1000793,204,3300300,-1
34869.179898,1,1000794,225,3300100,1
34869.306323,2,1000792,32,3298900,1
34869.381515,2,1000304,108,3299600,1
34869.517218,2,1000428,116,3299700,1
34870.397954,3,1000758,463,3301100,-1
34870.486055,1,1000795,123,3297700,1
34870.584709,1,1000796,496,3300000,1
34871.474883,1,1000797,490,3299400,1
34871.764630,3,1000625,453,3299300,1
34871.996151,2,1000795,54,3297700,1
34872.597383,1,1000798,358,3300400,-1
34872.703093,1,1000799,312,3301700,-1
34873.252843,3,1000653,57,3297500,1
34873.715119,1,1000800,336,3300900,-1
34873.966029,1,1000801,312,3297700,1
34874.548863,2,1000235,64,3300300,-1
34876.498824,1,1000802,350,3299300,1
34876.898062,3,1000650,116,3299700,1
34877.640993,5,1000803,76,3300100,1
34877.771764,1,1000804,365,3300500,-1
34878.163075,3,1000547,294,3300500,-1
34878.439481,1,1000805,486,3298500,1
34878.836836,1,1000806,82,3299500,1
34878.866961,2,1000171,78,3300500,-1
34879.806510,1,1000807,500,3300200,-1
34881.273269,3,1000479,247,3300700,-1
34881.403454,3,1000417,243,3299600,1
34882.121464,1,1000808,236,3300000,1
34884.049609,1,1000809,325,3299400,1
34884.449698,1,1000810,234,3299000,1
34884.473906,3,1000006,17,3301400,-1
34885.286600,5,1000811,57,3299900,1
34885.337281,2,1000527,125,3299700,1
34885.457283,2,1000591,137,3298400,1
34885.676846,3,1000011,210,3302300,-1
34886.129552,2,1000240,32,3299700,1
34886.476155,2,1000453,36,3302200,-1
34886.550622,2,1000052,13,3298700,1
34887.686205,2,1000526,94,3300200,-1
34888.686099,1,1000812,407,3299100,1
34888.698433,1,1000813,348,3298800,1
34888.958345,2,1000115,128,3300600,-1
34889.005122,1,1000814,305,3300000,1
34889.091119,3,1000002,91,3300700,-1
34889.095284,1,1000815,473,3300200,-1
34889.497505,5,1000816,114,3302600,-1
34889.735819,4,1000513,188,3300100,-1
34890.398848,4,1000280,170,3302200,-1
34890.494930,1,1000817,496,3299600,1
34890.545177,1,1000818,386,3300300,-1
34890.545441,1,1000819,192,3299400,1
34890.913282,4,1000806,43,3299500,1
34890.970035,3,1000475,261,3298500,1
34891.855526,3,1000680,327,3299900,-1
34892.408674,1,1000820,419,3300200,-1
34892.495565,4,1000472,65,3301100,-1
34892.947039,4,1000415,87,3299900,1
34892.988616,4,1000287,49,3300100,-1
34893.010510,3,1000659,277,3300000,-1
34893.345742,1,1000821,122,3300600,-1
34893.357222,1,1000822,451,3299600,1
34893.747995,1,1000823,288,3300000,1
34893.771659,1,1000824,295,3300000,1
34895.249095,3,1000350,483,3299400,1
34895.811254,1,1000825,136,3299900,1
34896.113877,5,1000826,209,3300300,-1
34897.327654,2,1000510,33,3298700,1
34897.484323,1,1000827,220,3300400,-1
34897.810263,4,1000192,20,3299900,-1
34898.736451,4,1000073,19,3302400,-1
34899.063764,5,1000828,213,3298100,1
34899.553644,3,1000433,460,3299100,1
34900.232083,3,1000298,402,3300200,-1
34900.938257,1,1000829,53,3301800,-1
34901.006011,1,1000830,431,3301600,-1
34901.033010,2,1000601,80,3298600,1
34901.333509,2,1000576,8,3300400,-1
34901.459035,2,1000127,40,3300400,-1
34902.166893,1,1000831,485,3301000,-1
34902.250529,3,1000685,255,3300100,-1
34902.538249,2,1000692,12,3297300,1
34903.029612,3,1000640,153,3300400,-1
34903.047981,1,1000832,421,3300300,-1
34905.290013,5,1000833,460,3300700,-1
34906.765315,1,1000834,354,3300500,-1
34907.039790,2,1000361,7,3300600,-1
34908.194723,4,1000114,48,3299700,1
34908.305037,1,1000835,246,3298800,1
34908.590790,1,1000836,235,3298300,1
34908.629055,2,1000699,120,3301100,-1
34909.244220,1,1000837,209,3300400,-1
34909.355283,1,1000838,480,3301800,-1
34909.694744,2,1000118,31,3300000,-1
34909.707655,3,1000565,137,3299500,1
34909.855481,5,1000839,263,3300300,-1
34911.246559,3,1000007,29,3300500,-1
34911.716751,1,1000840,222,3301100,-1
34913.768645,1,1000841,458,3302600,-1
34914.193016,3,1000739,119,3297700,1
34914.382952,4,1000285,2,3300000,-1
34915.815114,3,1000836,235,3298300,1
34916.060684,1,1000842,252,3299500,1
34916.447987,2,1000840,83,3301100,-1
34916.938823,1,1000843,205,3300500,-1
34917.306483,4,1000668,23,3300200,-1
34917.593989,5,1000844,276,3299900,1
34918.080396,1,1000845,265,3301700,-1
34918.192259,3,1000026,85,3301500,-1
34918.335228,3,1000164,36,3299500,1
34918.474259,5,1000846,200,3299400,1
34918.635368,2,1000341,172,3299700,1
34918.705848,3,1000119,131,3298700,1
34918.745897,2,1000212,13,3300300,-1
34918.869556,1,1000847,274,3300000,1
34919.213980,4,1000662,33,3300600,-1
34920.277886,1,1000848,125,3299500,1
34920.637544,2,1000248,60,3301100,-1
34920.903336,2,1000630,10,3299900,1
34920.955735,3,1000693,186,3299800,-1
34921.077542,3,1000351,80,3300000,1
34921.402946,2,1000726,129,3301200,-1
34921.855575,1,1000849,415,3299800,1
34921.894548,1,1000850,355,3299500,1
34922.156371,1,1000851,283,3300000,1
34922.460847,1,1000852,62,3300300,-1
34923.250630,1,1000853,243,3299300,1
34923.508989,3,1000158,32,3299100,1
34923.732231,2,1000697,213,3299500,1
34923.913518,3,1000752,236,3299200,1
34924.250570,1,1000854,408,3301000,-1
34924.455471,5,1000855,323,3299300,1
34924.617815,2,1000101,40,3299400,1
34924.968009,1,1000856,406,3297500,1
34925.709558,2,1000230,5,3302400,-1
34926.285433,5,1000857,88,3298600,1
34926.677471,2,1000697,66,3299500,1
34926.979323,2,1000753,33,3302000,-1
34927.033082,3,1000757,336,3298100,1
34927.211487,4,1000083,87,3297500,1
34927.246650,2,1000389,70,3299500,1
34927.786976,1,1000858,251,3299400,1
34929.154946,1,1000859,321,3299500,1
34929.700933,4,1000077,53,3300300,-1
34930.179561,4,1000114,36,3299700,1
34931.290183,3,1000778,208,3299100,1
34931.344805,1,1000860,467,3300400,-1
34931.668830,1,1000861,162,3300200,-1
34932.135935,1,1000862,285,3301200,-1
34932.283559,5,1000863,427,3298900,1
34933.139240,1,1000864,352,3299800,1
34933.361678,1,1000865,140,3298700,1
34933.494991,4,1000364,3,3297700,1
34933.996654,2,1000472,52,3301100,-1
34934.285312,1,1000866,178,3300500,-1
34934.657900,1,1000867,446,3300500,-1
34934.897793,3,1000272,123,3299500,1
34935.584168,1,1000868,57,3300100,1
34936.239067,4,1000711,181,3300300,-1
34937.104830,3,1000200,4,3299100,1
34937.355945,4,1000423,81,3299700,1
34937.389573,1,1000869,478,3299700,1
34937.432436,4,1000190,81,3299500,1
34937.762278,2,1000795,35,3297700,1
34937.770315,1,1000870,159,3301700,-1
34938.653380,4,1000648,89,3299000,1
34938.713175,5,1000871,343,3299800,1
34938.914878,2,1000822,184,3299600,1
34939.046843,4,1000253,108,3300100,-1
34939.069972,4,1000745,126,3301000,-1
34939.884472,2,1000203,2,3299200,1
34939.892145,3,1000709,47,3301400,-1
34939.898521,1,1000872,401,3299600,1
34940.298959,4,1000205,25,3299100,1
34940.384150,2,1000262,48,3300100,-1
34940.582471,3,1000749,416,3299800,1
34941.658876,3,1000687,453,3299400,1
34941.697604,1,1000873,392,3299500,1
34942.066874,3,1000427,222,3297800,1
34942.328946,2,1000145,3,3298200,1
34943.050713,1,1000874,240,3300600,-1
34943.736817,1,1000875,351,3300000,-1
34943.776855,1,1000876,115,3299600,1
34943.925667,3,1000262,188,3300100,-1
34945.014027,4,1000109,169,3299300,1
34945.104718,2,1000099,54,3301100,-1
34945.940260,3,1000525,269,3299700,1
34945.975157,1,1000877,127,3299400,1
34946.197978,3,1000379,16,3299400,1
34946.436641,1,1000878,340,3299200,1
34946.567273,4,1000461,57,3301200,-1
34946.791247,2,1000777,19,3298200,1
34946.816611,1,1000879,98,3299800,1
34946.869298,1,1000880,168,3300400,-1
34947.131212,1,1000881,469,3299700,1
34947.641573,4,1000516,14,3299000,1
34947.860250,1,1000882,448,3299700,1
34948.197705,4,1000715,60,3299000,1
34951.311993,1,1000883,472,3300800,-1
34951.373950,4,1000723,17,3298500,1
34951.707562,2,1000091,6,3299400,1
34952.744941,3,1000668,61,3300200,-1
34953.079578,4,1000099,48,3301100,-1
34954.099235,1,1000884,87,3298500,1
34954.383853,2,1000047,47,3300400,-1
34955.330879,2,1000196,95,3299300,1
34955.533318,1,1000885,114,3299000,1
34955.902213,2,1000245,11,3299600,1
34956.185934,3,1000780,435,3300500,-1
34957.684601,1,1000886,314,3300600,-1
34957.798705,1,1000887,302,3300600,-1
34958.429344,4,1000616,442,3299000,1
34958.444804,4,1000829,22,3301800,-1
34959.554964,2,1000196,18,3299300,1
34959.744776,2,1000743,140,3298600,1
34960.116988,2,1000203,2,3299200,1
34960.441715,1,1000888,128,3298200,1
34960.568701,1,1000889,61,3300100,-1
34960.596283,1,1000890,458,3299300,1
34960.601397,2,1000613,132,3300300,-1
34960.738332,1,1000891,231,3300500,-1
34961.104287,1,1000892,388,3301500,-1
34961.836903,1,1000893,151,3300200,-1
34962.315628,4,1000793,106,3300300,-1
34962.381421,2,1000154,85,3299900,-1
34963.622649,4,1000695,140,3299300,1
34963.695231,3,1000540,405,3299900,1
34963.863377,1,1000894,198,3302500,-1
34963.952699,2,1000785,123,3299500,1
34964.193531,1,1000895,95,3300000,1
34964.912684,3,1000665,284,3301000,-1
34965.000220,1,1000896,143,3299600,1
34966.790431,1,1000897,176,3301300,-1
34966.879486,1,1000898,95,3300600,-1
34967.056186,1,1000899,343,3301300,-1
34967.491103,1,1000900,206,3300600,-1
34968.356709,1,1000901,485,3300400,-1
34969.344501,2,1000879,45,3299800,1
34969.667325,4,1000176,229,3299400,1
34970.642611,2,1000233,23,3300100,-1
34970.809707,1,1000902,382,3300400,-1
34971.445394,1,1000903,139,3300300,-1
34971.680083,3,1000881,469,3299700,1
34971.783129,2,1000135,32,3300500,-1
34971.897717,4,1000754,175,3299800,1
34974.333666,1,1000904,250,3300800,-1
34974.566306,3,1000882,448,3299700,1
34974.679378,3,1000005,175,3298800,1
34975.127329,4,1000704,97,3300200,-1
34975.465861,5,1000905,311,3302600,-1
34975.813317,2,1000692,18,3297300,1
34976.677755,2,1000156,55,3298800,1
34976.803718,2,1000013,5,3299900,-1
34976.863518,1,1000906,466,3299200,1
34977.949801,1,1000907,175,3299800,1
34978.008532,1,1000908,304,3300900,-1
34978.475263,3,1000865,140,3298700,1
34978.741430,1,1000909,375,3302500,-1
34979.050849,1,1000910,208,3301500,-1
34979.075985,1,1000911,333,3299600,1
34979.371924,3,1000362,169,3299800,1
34980.881985,1,1000912,473,3300400,-1
34981.216136,1,1000913,482,3297500,1
34981.223463,1,1000914,361,3299600,1
34982.287416,1,1000915,383,3298100,1
34982.345026,2,1000560,126,3298500,1
34982.427631,5,1000916,267,3302200,-1
34982.441512,2,1000880,21,3300400,-1
34983.044182,1,1000917,391,3299600,1
34983.152390,4,1000111,93,3298000,1
34983.185344,1,1000918,448,3299800,1
34983.353166,3,1000472,114,3301100,-1
34983.903473,1,1000919,109,3300200,-1
34983.947712,4,1000105,220,3301400,-1
34984.048205,3,1000645,229,3302100,-1
34984.718454,2,1000316,114,3300100,-1
34985.336545,4,1000843,134,3300500,-1
34985.489253,1,1000920,341,3300200,-1
34987.471432,2,1000541,57,3299800,1
34987.704348,2,1000518,132,3301300,-1
34987.992895,5,1000921,107,3300500,-1
34988.426444,1,1000922,495,3301200,-1
34988.546825,3,1000646,248,3298600,1
34988.741223,1,1000923,458,3302600,-1
34988.926395,1,1000924,478,3298200,1
34989.137741,3,1000908,304,3300900,-1
34989.148251,1,1000925,325,3300000,1
34989.182393,1,1000926,264,3300400,-1
34989.277142,2,1000284,1,3300000,-1
34989.577739,1,1000927,96,3299200,1
34990.672731,3,1000028,221,3299200,1
34992.157565,2,1000198,184,3299900,-1
34992.547715,3,1000370,38,3297800,1
34992.867151,2,1000421,15,3300400,-1
34993.780004,1,1000928,412,3300400,-1
34994.606677,3,1000024,40,3300600,-1
34997.310653,2,1000796,237,3300000,1
34997.595354,2,1000573,3,3299600,1
34997.806124,1,1000929,270,3300900,-1
34997.850597,2,1000647,46,3300400,-1
34997.925961,1,1000930,277,3301500,-1
34998.822419,1,1000931,119,3300000,1
34999.072244,2,1000807,107,3300200,-1
34999.293697,3,1000573,6,3299600,1
34999.405430,1,1000932,109,3302200,-1
34999.440977,1,1000933,170,3299600,1
34999.552441,2,1000325,52,3300900,-1
34999.682513,2,1000226,9,3300900,-1
35001.214429,4,1000722,160,3297300,1
35001.333776,2,1000402,160,3299400,1
35001.528347,4,1000560,119,3298500,1
35002.146258,3,1000820,419,3300200,-1
35003.206125,4,1000612,479,3299300,1
35004.188881,2,1000306,13,3300000,-1
35004.674796,3,1000910,208,3301500,-1
35005.161122,5,1000934,497,3297600,1
35005.323449,1,1000935,105,3298200,1
35006.972721,2,1000843,42,3300500,-1
35007.137680,2,1000753,84,3302000,-1
35007.874014,1,1000936,329,3299300,1
35007.990980,2,1000253,40,3300100,-1
35008.926664,1,1000937,470,3299900,1
35010.468693,1,1000938,123,3297700,1
35010.614338,1,1000939,263,3301700,-1
35011.490657,2,1000712,100,3300600,-1
35011.700784,1,1000940,440,3299300,1
35013.724356,5,1000941,115,3300000,1
35014.412561,2,1000457,136,3299800,1
35014.573579,5,1000942,216,3299700,1
35015.447415,4,1000746,42,3300000,-1
35017.004524,4,1000192,49,3299900,-1
35017.190230,1,1000943,56,3300300,-1
35017.379666,4,1000438,164,3301100,-1
35017.631809,1,1000944,150,3300200,-1
35018.003975,1,1000945,344,3301100,-1
35018.857428,1,1000946,493,3300000,1
35019.309401,2,1000607,89,3298800,1
35020.503779,1,1000947,71,3299700,1
35021.142509,5,1000948,495,3300200,-1
35021.170363,1,1000949,238,3298600,1
35021.844390,4,1000476,30,3298900,1
35021.896272,4,1000154,261,3299900,-1
35021.904444,2,1000442,88,3299100,1
35022.499204,4,1000073,2,3302400,-1
35022.575495,1,1000950,262,3302000,-1
35023.368310,1,1000951,311,3298500,1
35023.385388,5,1000952,409,3299600,1
35023.547089,2,1000768,50,3298700,1
35023.560136,3,1000773,236,3298800,1
35023.771962,1,1000953,398,3299400,1
35023.944995,1,1000954,428,3299800,1
35024.099799,5,1000955,151,3300200,-1
35024.862011,3,1000638,274,3300300,-1
35025.631585,2,1000190,36,3299500,1
35026.891022,3,1000936,329,3299300,1
35027.184514,5,1000956,400,3300500,-1
35027.412165,1,1000957,249,3299300,1
35027.907180,1,1000958,348,3298300,1
35028.990755,3,1000263,142,3299800,1
35029.090172,1,1000959,142,3300200,-1
35029.545558,3,1000462,403,3300700,-1
35030.506477,1,1000960,285,3299900,-1
35031.584419,1,1000961,437,3299900,-1
35031.722089,2,1000413,24,3299100,1
35031.981209,1,1000962,122,3301700,-1
35032.104546,4,1000630,21,3299900,1
35032.341635,4,1000513,17,3300100,-1
35032.488242,1,1000963,379,3299400,1
35033.174609,2,1000728,114,3299500,1
35033.829654,1,1000964,109,3299400,1
35034.933223,1,1000965,298,3300400,-1
35035.760214,1,1000966,196,3299100,1
35036.239968,1,1000967,340,3300100,-1
35036.568292,2,1000320,59,3299400,1
35036.957428,1,1000968,251,3300700,-1
35037.306476,4,1000211,274,3298200,1
35037.583631,3,1000549,84,3299800,1
35037.755484,3,1000543,383,3299300,1
35038.310729,3,1000766,463,3300700,-1
35038.866110,3,1000599,478,3299900,-1
35039.235561,1,1000969,431,3299900,1
35039.511145,1,1000970,473,3299200,1
35039.672899,1,1000971,302,3299700,1
35039.981104,3,1000730,449,3297700,1
35040.407528,1,1000972,347,3300200,-1
35040.852682,1,1000973,497,3300300,-1
35040.952568,2,1000383,10,3300200,-1
35042.175366,1,1000974,59,3300100,-1
35043.321518,2,1000455,34,3299500,1
35043.655559,4,1000957,118,3299300,1
35044.887826,2,1000938,34,3297700,1
35045.004132,1,1000975,172,3298800,1
35045.584728,2,1000423,34,3299700,1
35045.818524,1,1000976,107,3299800,1
35046.735157,2,1000856,220,3297500,1
35047.888878,3,1000480,155,3299900,1
35048.366517,1,1000977,122,3300400,-1
35048.808008,1,1000978,478,3300400,-1
35048.887301,4,1000927,59,3299200,1
35049.167330,2,1000824,74,3300000,1
35049.363572,5,1000979,371,3298800,1
35049.921891,1,1000980,102,3300500,-1
35050.051879,3,1000903,139,3300300,-1
35050.576676,4,1000576,43,3300400,-1
35051.726171,4,1000320,271,3299400,1
35052.249225,2,1000582,68,3300000,-1
35052.825213,4,1000845,212,3301700,-1
35052.995831,3,1000086,161,3299400,1
35053.863743,1,1000981,168,3298900,1
35054.509684,2,1000748,214,3301500,-1
35054.667890,3,1000307,418,3299600,1
35055.035844,4,1000593,132,3301300,-1
35055.163567,5,1000982,202,3301300,-1
35055.488621,2,1000437,15,3299600,1
35055.601177,1,1000983,241,3300000,1
35055.653143,3,1000296,120,3299800,-1
35056.104524,2,1000250,96,3300000,-1
35056.313090,4,1000607,124,3298800,1
35056.643604,5,1000984,282,3299300,1
35056.679520,4,1000690,128,3298900,1
35056.890637,3,1000612,2,3299300,1
35056.911254,1,1000985,288,3299900,1
35057.576105,3,1000190,81,3299500,1
35057.962440,2,1000279,46,3302400,-1
35058.188786,1,1000986,277,3300100,1
35059.460742,2,1000008,11,3299800,1
35059.733518,5,1000987,359,3299800,1
35060.734629,2,1000541,27,3299800,1
35061.255622,1,1000988,199,3300200,-1
35061.499269,1,1000989,88,3299600,1
35061.831528,1,1000990,349,3300700,-1
35061.894162,3,1000754,29,3299800,1
35062.271935,4,1000929,126,3300900,-1
35062.448868,1,1000991,216,3300900,-1
35064.572252,2,1000726,60,3301200,-1
35065.378736,1,1000992,470,3302500,-1
35065.586102,4,1000812,395,3299100,1
35066.097994,5,1000993,191,3299200,1
35066.229871,4,1000455,13,3299500,1
35066.724421,2,1000664,118,3299900,-1
35066.904061,1,1000994,103,3299300,1
35066.974097,3,1000251,116,3299500,1
35066.979596,1,1000995,437,3300800,-1
35067.478517,1,1000996,228,3302100,-1
35067.769944,2,1000815,92,3300200,-1
35067.932900,3,1000677,280,3300000,-1
35069.214676,1,1000997,320,3301000,-1
35069.545001,3,1000889,61,3300100,-1
35069.970715,2,1000079,9,3298300,1
35070.097418,1,1000998,94,3302500,-1
35070.539712,3,1000308,81,3297400,1
35070.700253,5,1000999,231,3300400,-1
35071.395272,1,1001000,447,3299500,1
35071.416144,1,1001001,163,3300900,-1
35072.043668,3,1000415,165,3299900,1
35072.157536,5,1001002,416,3302000,-1
35073.534182,2,1000575,80,3299300,1
35074.015090,2,1000429,28,3300300,-1
35075.037219,3,1000901,485,3300400,-1
35075.352756,1,1001003,53,3299100,1
35075.506988,4,1000957,84,3299300,1
35075.830868,3,1000884,87,3298500,1
35075.884827,5,1001004,149,3300100,1
35076.365744,1,1001005,492,3298600,1
35076.383613,2,1000217,122,3300000,-1
35077.525945,1,1001006,458,3301200,-1
35078.020633,3,1000346,60,3300000,1
35078.403363,2,1000725,78,3300800,-1
35078.641340,4,1000526,60,3300200,-1
35079.527528,5,1001007,389,3300600,-1
35079.543561,3,1000232,90,3299300,1
35079.568459,3,1000483,77,3299600,1
35080.926138,3,1000961,437,3299900,-1
35081.048608,2,1000800,56,3300900,-1
35081.857837,2,1000888,70,3298200,1
35081.960143,1,1001008,123,3300700,-1
35082.470285,4,1000733,49,3299100,1
35082.526123,1,1001009,256,3297700,1
35082.809920,2,1000932,58,3302200,-1
35083.142255,3,1000981,168,3298900,1
35083.160007,3,1000728,373,3299500,1
35083.572740,4,1000873,210,3299500,1
35083.829234,3,1000711,138,3300300,-1
35084.448181,2,1000873,73,3299500,1
35084.943337,1,1001010,269,3299900,1
35085.270687,5,1001011,312,3299600,1
35085.313775,1,1001012,242,3301100,-1
35085.390118,2,1000242,110,3298800,1
35085.450120,5,1001013,254,3301000,-1
35086.850510,2,1000571,10,3300400,-1
35086.990294,3,1000893,151,3300200,-1
35087.277820,2,1000174,183,3299200,1
35087.334508,2,1000957,26,3299300,1
35087.619031,5,1001014,274,3301800,-1
35088.261312,1,1001015,491,3299400,1
35088.673222,1,1001016,365,3301500,-1
35088.926076,3,1000369,433,3300700,-1
35089.295855,3,1000113,115,3299500,1
35089.589267,2,1000455,18,3299500,1
35091.726026,2,1000302,12,3299000,1
35092.026319,1,1001017,164,3300700,-1
35092.310231,4,1000091,11,3299400,1
35094.314972,1,1001018,306,3299900,1
35094.460867,3,1000022,177,3300600,-1
35094.564549,4,1000664,162,3299900,-1
35094.945302,1,1001019,160,3300400,-1
35095.106439,3,1000632,82,3299600,1
35095.683908,4,1000148,90,3300200,-1
35096.908565,1,1001020,79,3300200,-1
35097.023541,4,1000274,17,3301100,-1
35097.267663,3,1000058,42,3300000,-1
35097.747636,3,1000649,213,3300000,-1
35098.649585,1,1001021,154,3299000,1
35100.081700,2,1000874,117,3300600,-1
35100.305194,4,1000968,124,3300700,-1
35100.563512,3,1000720,51,3299900,-1
35101.081746,1,1001022,307,3300000,-1
35102.554354,4,1000656,6,3299900,-1
35103.105679,1,1001023,369,3301500,-1
35103.161168,4,1000814,206,3300000,1
35103.255519,4,1000041,134,3298900,1
35103.419473,2,1000066,74,3298000,1
35103.477177,4,1000972,263,3300200,-1
35103.928604,1,1001024,162,3300400,-1
35104.560025,2,1000874,45,3300600,-1
35105.688013,5,1001025,97,3299300,1
35106.099257,2,1000211,6,3298200,1
35106.127542,2,1000618,204,3299200,1
35107.114119,1,1001026,465,3299800,1
35107.617173,4,1000972,72,3300200,-1
35107.942134,3,1000913,482,3297500,1
35108.359414,5,1001027,260,3299300,1
35108.543299,2,1001003,14,3299100,1
35108.627324,1,1001028,241,3301100,-1
35108.936512,3,1000847,274,3300000,1
35109.096985,2,1000049,19,3299300,1
35110.690411,3,1000520,79,3300000,-1
35111.643275,3,1000950,262,3302000,-1
35111.849807,2,1000538,42,3302100,-1
35113.082653,1,1001029,480,3300300,-1
35113.721783,1,1001030,113,3300800,-1
35114.021280,2,1001021,71,3299000,1
35114.045120,4,1000186,101,3300000,-1
35114.670581,2,1000446,71,3302300,-1
35115.599264,3,1000492,334,3299100,1
35115.771884,1,1001031,227,3300800,-1
35116.362793,1,1001032,82,3300400,-1
35116.484335,3,1000938,89,3297700,1
35116.958688,2,1000391,6,3299700,1
35117.796933,3,1000830,431,3301600,-1
35117.942901,3,1000550,79,3299000,1
35118.382474,3,1000843,29,3300500,-1
35118.590456,2,1000589,17,3299100,1
35119.746188,2,1000706,28,3299500,1
35120.140240,4,1000523,120,3299500,1
35120.267928,2,1000605,113,3299900,-1
35120.476764,1,1001033,453,3302500,-1
35121.137325,4,1000972,10,3300200,-1
35122.134863,2,1000595,265,3298400,1
35122.635727,3,1000971,302,3299700,1
35122.990862,1,1001034,480,3299900,1
35123.958374,1,1001035,467,3298700,1
35124.713366,4,1000717,60,3299000,1
35124.904249,3,1000078,135,3299800,1
35124.990600,4,1000341,176,3299700,1
35125.275038,4,1000707,393,3298200,1
35125.327945,3,1000887,302,3300600,-1
35125.494430,5,1001036,304,3299900,1
35126.342328,3,1000264,223,3297400,1
35126.625920,3,1000862,285,3301200,-1
35129.649812,1,1001037,385,3301000,-1
35131.248118,2,1000644,127,3298800,1
35132.208043,1,1001038,198,3301400,-1
35132.713134,3,1000570,343,3298800,1
35133.137359,1,1001039,185,3300200,-1
35133.301326,3,1000748,156,3301500,-1
35133.789529,1,1001040,169,3300600,-1
35135.267096,1,1001041,291,3297600,1
35135.854152,3,1000615,51,3298300,1
35136.274768,3,1000666,399,3299000,1
35139.035403,1,1001042,241,3300300,-1
35139.091921,1,1001043,189,3297600,1
35140.231585,1,1001044,195,3300300,-1
35140.422837,2,1000047,24,3300400,-1
35140.597891,1,1001045,347,3302600,-1
35141.025019,1,1001046,113,3299500,1
35141.712112,3,1000644,329,3298800,1
35141.846366,2,1000173,50,3299300,1
35141.873498,1,1001047,247,3300200,-1
35142.360708,2,1000900,83,3300600,-1
35142.578165,3,1000989,88,3299600,1
35142.828095,2,1001021,23,3299000,1
35143.478733,2,1000041,21,3298900,1
35143.516934,4,1000332,109,3301100,-1
35143.869941,1,1001048,197,3301700,-1
35145.164408,2,1000420,198,3301700,-1
35145.344361,3,1000450,138,3299300,1
35145.911384,4,1000131,64,3299700,1
35145.994268,1,1001049,296,3301100,-1
35146.151383,2,1000775,72,3300200,-1
35147.041487,1,1001050,438,3299300,1
35147.114212,4,1000904,191,3300800,-1
35147.764383,3,1000249,196,3300100,-1
35148.144028,2,1000506,63,3300200,-1
35148.377916,2,1000699,68,3301100,-1
35148.816438,3,1000188,32,3299600,1
35149.241677,2,1000230,19,3302400,-1
35149.246775,1,1001051,182,3301000,-1
35149.692881,3,1000876,115,3299600,1
35150.792994,3,1000804,365,3300500,-1
35151.036538,4,1000715,23,3299000,1
35151.051738,4,1000541,17,3299800,1
35151.052058,5,1001052,104,3300800,-1
35151.283200,5,1001053,391,3300500,-1
35151.864592,3,1000277,57,3300300,-1
35152.643452,2,1000174,69,3299200,1
35153.764863,1,1001054,495,3301200,-1
35155.039485,1,1001055,208,3299900,1
35157.823596,4,1000967,154,3300100,-1
35157.980591,2,1000139,32,3301900,-1
35159.009196,4,1000781,173,3300700,-1
35159.318063,1,1001056,446,3302400,-1
35159.337207,2,1000943,27,3300300,-1
35159.432448,2,1000969,172,3299900,1
35160.117075,4,1000954,326,3299800,1
35160.154673,1,1001057,441,3298400,1
35160.718352,1,1001058,138,3302700,-1
35162.399881,4,1000428,32,3299700,1
35163.369115,4,1000121,48,3302100,-1
35163.392552,2,1000446,16,3302300,-1
35163.484778,3,1000439,223,3300200,-1
35163.720548,1,1001059,282,3298400,1
35164.237144,4,1000662,32,3300600,-1
35164.534662,3,1000052,18,3298700,1
35164.601827,2,1000576,2,3300400,-1
35165.174370,1,1001060,343,3300600,-1
35165.325293,2,1000121,6,3302100,-1
35165.410634,1,1001061,188,3299700,1
35165.632464,2,1000413,12,3299100,1
35166.453587,3,1000560,31,3298500,1
35166.851161,2,1000613,31,3300300,-1
35167.348299,2,1000089,25,3300400,-1
35168.407356,1,1001062,154,3302300,-1
35168.942598,3,1000040,17,3299800,-1
35169.285496,4,1000701,274,3300000,-1
35169.466672,2,1000130,11,3300400,-1
35169.492181,4,1000710,13,3300300,-1
35170.333057,1,1001063,428,3300000,1
35170.351892,1,1001064,295,3300000,1
35170.664817,3,1000055,25,3300400,-1
35171.625373,1,1001065,237,3299900,1
35172.176265,5,1001066,256,3297600,1
35173.252611,1,1001067,90,3300400,-1
35173.795323,1,1001068,197,3301900,-1
35174.184926,1,1001069,488,3302000,-1
35174.797898,5,1001070,285,3300400,-1
35174.861168,1,1001071,396,3299900,1
35175.693661,2,1000892,59,3301500,-1
35176.047001,3,1000815,381,3300200,-1
35177.179028,1,1001072,480,3298600,1
35177.445650,1,1001073,311,3300400,-1
35177.593187,3,1000701,17,3300000,-1
35177.855793,2,1000604,65,3299300,1
35178.008369,2,1000455,3,3299500,1
35178.185186,2,1000996,58,3302100,-1
35179.363553,3,1000633,75,3300600,-1
35180.128936,2,1000112,53,3300000,-1
35180.263119,2,1000888,23,3298200,1
35180.349189,3,1000395,112,3300400,-1
35180.410634,1,1001074,500,3297700,1
35180.547681,1,1001075,261,3300100,1
35180.783909,3,1001048,197,3301700,-1
35180.919249,4,1000935,60,3298200,1
35181.979956,2,1000851,74,3300000,1
35182.027910,4,1000489,19,3298600,1
35182.438999,1,1001076,55,3297700,1
35182.730725,4,1000585,84,3299600,1
35183.137628,3,1000274,35,3301100,-1
35184.018090,1,1001077,494,3299200,1
35184.175368,1,1001078,106,3300300,-1
35184.288067,1,1001079,130,3299400,1
35184.900679,4,1000626,224,3300000,-1
35185.423689,3,1000198,152,3299900,-1
35185.523413,4,1000585,122,3299600,1
35185.774923,4,1000995,298,3300800,-1
35186.302652,1,1001080,301,3299300,1
35186.416990,3,1000809,325,3299400,1
35186.520374,1,1001081,155,3300200,-1
35187.583840,3,1000726,176,3301200,-1
35187.793765,1,1001082,260,3299800,1
35187.926886,3,1000089,36,3300400,-1
35188.147596,1,1001083,342,3300100,-1
35188.921976,5,1001084,434,3301000,-1
35189.104060,2,1000617,207,3300200,-1
35189.392189,3,1000656,1,3299900,-1
35191.365489,1,1001085,278,3299900,1
35192.360462,1,1001086,103,3299500,1
35192.692736,1,1001087,352,3300300,-1
35193.195390,1,1001088,449,3300200,-1
35193.975426,3,1000105,18,3301400,-1
35194.504040,5,1001089,272,3302500,-1
35194.644189,4,1001021,22,3299000,1
35194.686904,4,1000946,485,3300000,1
35195.010134,1,1001090,157,3299500,1
35195.374305,3,1000992,470,3302500,-1
35195.594340,4,1000968,32,3300700,-1
35195.741256,1,1001091,107,3300900,-1
35195.961873,1,1001092,108,3300500,-1
35196.166183,2,1000205,9,3299100,1
35196.611176,3,1000149,4,3299800,1
35196.619136,5,1001093,396,3301500,-1
35197.400481,1,1001094,132,3299300,1
35197.502009,1,1001095,162,3300700,-1
35198.126909,1,1001096,273,3298500,1
35198.433567,2,1000498,58,3299500,1
35198.877614,1,1001097,144,3301600,-1
35200.712078,5,1001098,392,3302600,-1
35201.246782,5,1001099,330,3301200,-1
35201.379730,1,1001100,240,3299200,1
35202.141542,4,1000128,2,3301800,-1
35204.055738,1,1001101,396,3301400,-1
35204.124876,3,1000990,349,3300700,-1
35204.731407,1,1001102,154,3300400,-1
35204.774297,3,1000883,472,3300800,-1
35205.070135,1,1001103,351,3300300,-1
35205.234665,1,1001104,239,3300700,-1
35206.408397,4,1000854,318,3301000,-1
35207.018185,4,1000390,10,3302200,-1
35207.272804,2,1000384,10,3299200,1
35208.089514,2,1000178,159,3297500,1
35210.341144,2,1000464,90,3300600,-1
35210.922967,2,1000430,2,3301400,-1
35211.862324,4,1000326,51,3299900,1
35211.895831,3,1000797,490,3299400,1
35212.030279,2,1000047,15,3300400,-1
35212.392800,4,1000110,26,3299900,-1
35213.018697,5,1001105,492,3299600,1
35213.236868,1,1001106,360,3299800,1
35213.317976,1,1001107,69,3300200,-1
35213.323836,2,1000978,93,3300400,-1
35213.531254,4,1000852,22,3300300,-1
35213.822980,4,1001075,227,3300100,1
35215.534758,1,1001108,150,3298500,1
35216.433503,3,1001085,278,3299900,1
35216.484525,2,1000079,2,3298300,1
35216.771555,4,1000661,96,3300000,-1
35216.800723,1,1001109,210,3299400,1
35216.875187,1,1001110,415,3299900,1
35216.944117,1,1001111,200,3300500,-1
35217.085561,4,1000675,117,3298500,1
35217.600695,1,1001112,56,3300100,-1
35217.776137,2,1000588,267,3299500,1
35217.786571,2,1000118,7,3300000,-1
35217.876529,1,1001113,500,3299900,1
35217.896196,4,1001060,173,3300600,-1
35218.096232,1,1001114,246,3300200,-1
35218.539247,2,1000705,82,3299300,1
35218.893972,1,1001115,415,3299900,1
35219.084116,1,1001116,499,3298700,1
35219.324561,4,1000614,249,3300700,-1
35221.718831,1,1001117,287,3302400,-1
35222.017898,4,1000675,19,3298500,1
35222.224420,1,1001118,197,3299500,1
35222.286806,3,1000515,322,3300000,-1
35222.675329,1,1001119,256,3300200,-1
35222.934634,5,1001120,333,3299100,1
35223.248370,5,1001121,405,3300200,-1
35223.491884,1,1001122,197,3300000,-1
35224.099328,1,1001123,375,3300400,-1
35224.130796,1,1001124,480,3299500,1
35224.675148,5,1001125,251,3302500,-1
35225.976301,1,1001126,285,3299300,1
35227.582508,2,1000084,155,3299100,1
35227.729879,1,1001127,447,3299700,1
35227.960968,2,1000337,11,3301400,-1
35227.966459,3,1000552,62,3299200,1
35228.186044,1,1001128,369,3301800,-1
35228.667843,1,1001129,331,3300400,-1
35229.421434,3,1000569,235,3299800,1
35229.421497,2,1000248,7,3301100,-1
35229.785722,2,1000128,1,3301800,-1
35231.272049,1,1001130,206,3300500,-1
35231.448337,4,1000586,93,3298000,1
35231.449393,3,1000066,51,3298000,1
35231.642768,2,1000715,3,3299000,1
35231.675399,3,1000431,50,3299600,1
35231.895185,5,1001131,476,3298100,1
35232.067773,4,1000707,14,3298200,1
35232.202433,1,1001132,180,3301700,-1
35232.971707,1,1001133,167,3301700,-1
35234.154760,1,1001134,329,3300400,-1
35234.248928,3,1000457,112,3299800,1
35234.264880,1,1001135,177,3301700,-1
35235.758342,3,1000224,47,3299100,1
35236.264281,4,1000416,173,3299500,1
35238.161070,5,1001136,105,3299900,1
35238.617752,5,1001137,98,3298900,1
35239.146622,2,1000792,28,3298900,1
35239.661794,4,1000312,18,3299400,1
35239.899216,4,1000781,27,3300700,-1
35239.913363,3,1000613,180,3300300,-1
35239.941240,1,1001138,118,3300200,-1
35240.335377,4,1000745,98,3301000,-1
35241.856691,1,1001139,356,3301200,-1
35242.011178,4,1001109,98,3299400,1
35242.084865,2,1000626,28,3300000,-1
35242.631291,3,1001067,90,3300400,-1
35243.421409,1,1001140,149,3301700,-1
35243.482113,3,1001022,307,3300000,-1
35244.837142,1,1001141,90,3298900,1
35245.304573,5,1001142,248,3299200,1
35246.538017,1,1001143,275,3298500,1
35248.116461,2,1000355,1,3300500,-1
35248.773229,2,1001016,166,3301500,-1
35249.344796,2,1000423,42,3299700,1
35249.587746,2,1000626,14,3300000,-1
35249.837823,1,1001144,174,3298400,1
35249.925485,1,1001145,307,3299000,1
35250.552054,3,1000121,4,3302100,-1
35251.063910,1,1001146,91,3300500,-1
35251.665506,5,1001147,402,3298300,1
35253.366658,1,1001148,92,3299600,1
35253.376199,1,1001149,294,3302200,-1
35253.882987,1,1001150,215,3299800,-1
35254.407712,3,1000920,341,3300200,-1
35254.565448,2,1000601,59,3298600,1
35255.036010,5,1001151,427,3299900,-1
35255.147091,5,1001152,63,3302200,-1
35255.795943,2,1000983,106,3300000,1
35256.420061,4,1001095,117,3300700,-1
35257.121646,5,1001153,113,3301100,-1
35257.437708,3,1000384,7,3299200,1
35257.468290,3,1000581,331,3299500,1
35257.939956,1,1001154,277,3299200,1
35258.634255,1,1001155,298,3297300,1
35258.878439,1,1001156,229,3301700,-1
35259.676697,4,1000894,105,3302500,-1
35260.035683,3,1000762,363,3300000,1
35260.138579,3,1000939,263,3301700,-1
35260.715767,1,1001157,400,3299900,-1
35261.470537,3,1001038,198,3301400,-1
35261.822461,5,1001158,141,3299500,1
35262.064228,5,1001159,141,3301000,-1
35263.145875,3,1001110,415,3299900,1
35263.454962,1,1001160,225,3301200,-1
35263.500752,1,1001161,413,3300100,-1
35263.654274,1,1001162,443,3297600,1
35263.706538,3,1000464,173,3300600,-1
35264.392478,4,1000859,188,3299500,1
35264.513056,3,1000949,238,3298600,1
35264.866382,2,1001072,65,3298600,1
35265.285584,2,1000735,94,3300400,-1
35265.378538,1,1001163,56,3299700,1
35265.836778,1,1001164,52,3300300,-1
35266.138838,1,1001165,58,3298700,1
35266.319116,4,1000127,48,3300400,-1
35266.343961,1,1001166,152,3299800,1
35267.459929,1,1001167,155,3300300,-1
35267.593314,4,1000741,27,3301000,-1
35268.645991,2,1000940,211,3299300,1
35269.402256,2,1000049,7,3299300,1
35269.563819,1,1001168,499,3301100,-1
35269.682883,1,1001169,413,3299400,1
35269.689793,1,1001170,251,3300300,-1
35269.786426,1,1001171,407,3298900,1
35270.331207,4,1000397,9,3299600,1
35270.781554,3,1000931,119,3300000,1
35270.889405,1,1001172,332,3301000,-1
35271.812002,4,1000420,42,3301700,-1
35272.134846,1,1001173,130,3302000,-1
35272.399564,5,1001174,493,3300100,-1
35273.598048,4,1000947,53,3299700,1
35273.747224,2,1000306,14,3300000,-1
35273.887828,1,1001175,341,3299400,1
35274.497914,1,1001176,219,3299700,1
35274.599749,3,1001143,275,3298500,1
35274.843878,3,1000273,144,3300100,-1
35274.870279,1,1001177,182,3298200,1
35275.116427,2,1000801,66,3297700,1
35275.387985,1,1001178,444,3299900,1
35275.601666,1,1001179,244,3298500,1
35275.645297,5,1001180,278,3301300,-1
35276.415856,1,1001181,178,3299300,1
35278.139321,1,1001182,157,3300400,-1
35278.164261,4,1000048,225,3300100,-1
35278.645832,2,1000210,66,3299900,-1
35278.713588,3,1000542,165,3299200,1
35278.988825,4,1000535,69,3300000,-1
35279.432675,1,1001183,65,3300200,-1
35280.042640,1,1001184,295,3300700,-1
35280.398508,3,1000353,364,3300000,1
35280.901665,4,1000397,10,3299600,1
35281.582844,1,1001185,394,3300000,1
35281.818220,1,1001186,355,3301400,-1
35282.508365,2,1000683,106,3299800,1
35282.595347,3,1000858,251,3299400,1
35282.614249,3,1000505,254,3300300,-1
35282.707870,3,1001138,118,3300200,-1
35283.113366,5,1001187,234,3299100,1
35283.249916,5,1001188,166,3300300,-1
35283.579164,1,1001189,72,3302200,-1
35284.081234,1,1001190,484,3299500,1
35284.651915,1,1001191,401,3300100,1
35284.994002,3,1001101,396,3301400,-1
35285.767167,1,1001192,177,3301300,-1
35285.860887,4,1000944,90,3300200,-1
35286.073812,4,1001082,218,3299800,1
35286.603592,4,1000381,6,3299500,1
35287.020068,3,1000397,5,3299600,1
35287.039628,2,1000822,73,3299600,1
35287.840721,3,1000418,217,3301300,-1
35288.602258,1,1001193,153,3300300,-1
35290.454541,4,1000691,377,3302200,-1
35292.651875,1,1001194,66,3299300,1
35292.781351,3,1001026,465,3299800,1
35293.077276,1,1001195,190,3299800,1
35293.509545,1,1001196,341,3298600,1
35293.763108,2,1000878,119,3299200,1
35294.477978,2,1000976,19,3299800,1
35294.651179,1,1001197,377,3300700,-1
35294.723744,2,1000491,78,3299300,1
35294.869519,2,1001047,111,3300200,-1
35294.948484,5,1001198,500,3300100,1
35295.630282,4,1001095,10,3300700,-1
35295.931797,4,1000226,23,3300900,-1
35296.023243,4,1000609,78,3299600,1
35296.490512,2,1000620,54,3301200,-1
35296.518288,3,1000968,95,3300700,-1
35296.627470,2,1000923,176,3302600,-1
35298.346580,2,1001044,75,3300300,-1
35300.317056,3,1000978,385,3300400,-1
35300.673296,1,1001199,236,3300100,1
35302.014784,1,1001200,495,3300700,-1
35302.101030,1,1001201,409,3299700,1
35302.256287,3,1000932,51,3302200,-1
35302.824309,2,1000840,54,3301100,-1
35302.888540,3,1001184,295,3300700,-1
35302.951917,4,1001097,77,3301600,-1
35303.021973,1,1001202,116,3299600,1
35303.095286,2,1001122,58,3300000,-1
35303.293978,3,1000832,421,3300300,-1
35304.313838,3,1001073,311,3300400,-1
35304.426461,3,1000808,236,3300000,1
35305.750249,1,1001203,490,3300600,-1
35306.286262,1,1001204,72,3302700,-1
35306.398385,2,1000704,76,3300200,-1
35306.410018,1,1001205,59,3301400,-1
35307.417861,2,1000166,246,3300100,-1
35309.540990,3,1000324,490,3300300,-1
35310.098286,2,1000781,12,3300700,-1
35310.885854,4,1000737,323,3300000,1
35310.898546,1,1001206,369,3299800,1
35311.578084,1,1001207,219,3300300,-1
35311.787416,1,1001208,300,3299800,1
35312.188630,4,1000432,306,3300400,-1
35312.393861,2,1000003,4,3299100,1
35313.723396,3,1000099,8,3301100,-1
35313.728323,1,1001209,90,3300200,-1
35313.886183,4,1001096,91,3298500,1
35314.341862,4,1001129,232,3300400,-1
35315.114122,4,1001019,81,3300400,-1
35315.376002,3,1001031,227,3300800,-1
35316.212556,2,1000727,145,3299800,1
35316.520564,2,1000595,61,3298400,1
35316.774666,1,1001210,145,3299700,1
35316.907794,2,1000609,2,3299600,1
35317.193598,1,1001211,431,3302500,-1
35317.691729,2,1001108,69,3298500,1
35319.617399,1,1001212,477,3298800,1
35320.774329,2,1000537,17,3300600,-1
35320.830573,3,1000491,282,3299300,1
35321.704632,1,1001213,212,3299700,1
35321.791061,2,1000508,157,3300000,-1
35321.894201,5,1001214,107,3298900,1
35322.022914,1,1001215,286,3301900,-1
35322.213530,2,1001019,47,3300400,-1
35322.777517,4,1001149,187,3302200,-1
35322.956645,2,1000779,44,3300600,-1
35323.731900,1,1001216,400,3299900,1
35324.187287,2,1000018,49,3300200,-1
35325.577937,3,1000972,2,3300200,-1
35325.973299,2,1001077,165,3299200,1
35326.139456,1,1001217,69,3300800,-1
35326.180425,1,1001218,177,3301700,-1
35326.181136,1,1001219,75,3299900,1
35326.216226,4,1000498,22,3299500,1
35327.036750,1,1001220,80,3302000,-1
35327.915088,2,1001023,207,3301500,-1
35328.307815,3,1000180,209,3297400,1
35328.602624,4,1000332,144,3301100,-1
35328.749639,1,1001221,217,3301100,-1
35328.853802,1,1001222,108,3299000,1
35329.750628,5,1001223,207,3298700,1
35330.079793,5,1001224,469,3300200,-1
35330.185022,5,1001225,393,3300500,-1
35330.302370,2,1000067,27,3299800,1
35330.776961,3,1000106,69,3301500,-1
35330.794311,4,1000841,345,3302600,-1
35331.316896,1,1001226,261,3300800,-1
35332.179532,4,1000267,167,3297700,1
35332.373868,1,1001227,80,3302300,-1
35332.931682,2,1000842,35,3299500,1
35333.372640,1,1001228,390,3300600,-1
35334.354393,4,1001078,25,3300300,-1
35334.719922,4,1000533,141,3301000,-1
35335.004578,2,1000995,48,3300800,-1
35335.100111,3,1000529,185,3298600,1
35335.303836,4,1000079,5,3298300,1
35335.689144,2,1001057,82,3298400,1
35335.709678,1,1001229,209,3298700,1
35336.401643,4,1000513,5,3300100,-1
35336.773788,2,1000904,23,3300800,-1
35337.484531,2,1000587,171,3299700,1
35338.250384,3,1000227,152,3299100,1
35338.935639,4,1000556,135,3301500,-1
35339.636140,3,1001229,209,3298700,1
35340.622465,1,1001230,250,3301600,-1
35340.730877,1,1001231,253,3297800,1
35340.751730,1,1001232,487,3300300,-1
35341.029119,1,1001233,321,3301300,-1
35341.275682,2,1000890,176,3299300,1
35342.069486,3,1001227,80,3302300,-1
35342.366653,1,1001234,252,3299700,1
35342.904626,4,1001197,196,3300700,-1
35343.065273,2,1000253,32,3300100,-1
35345.399317,1,1001235,297,3300600,-1
35346.005990,5,1001236,300,3299100,1
35346.331077,3,1000110,56,3299900,-1
35346.658482,2,1001233,49,3301300,-1
35346.774501,5,1001237,192,3300400,-1
35347.040140,2,1000534,61,3300000,-1
35348.064855,1,1001238,388,3299400,1
35348.247677,1,1001239,300,3299400,1
35348.431340,3,1000582,76,3300000,-1
35348.716759,4,1000960,178,3299900,-1
35348.727770,2,1000777,19,3298200,1
35348.973777,2,1001128,84,3301800,-1
35349.573066,1,1001240,174,3300900,-1
35349.814764,3,1001122,139,3300000,-1
35350.711129,2,1001059,142,3298400,1
35351.239612,1,1001241,201,3301900,-1
35351.574243,4,1000344,8,3300700,-1
35351.824296,2,1000018,41,3300200,-1
35351.842259,1,1001242,360,3300500,-1
35352.422049,2,1000834,204,3300500,-1
35352.745611,1,1001243,389,3300300,-1
35353.491639,1,1001244,467,3301500,-1
35354.062413,1,1001245,206,3299200,1
35354.328326,3,1001157,400,3299900,-1
35354.365234,2,1000707,22,3298200,1
35354.944721,3,1000284,2,3300000,-1
35355.109698,4,1001117,202,3302400,-1
35355.864260,1,1001246,165,3298200,1
35356.156193,3,1000458,316,3299000,1
35356.370208,3,1000208,220,3299200,1
35356.822642,4,1001154,195,3299200,1
35357.052135,4,1001170,240,3300300,-1
35357.267159,1,1001247,406,3302000,-1
35357.436703,1,1001248,122,3300900,-1
35357.528300,5,1001249,226,3298700,1
35357.999581,1,1001250,473,3298400,1
35358.519403,3,1000325,45,3300900,-1
35358.544719,4,1001206,294,3299800,1
35359.538862,4,1000849,412,3299800,1
35359.943890,5,1001251,189,3299800,1
35360.916414,4,1000822,97,3299600,1
35361.421570,2,1000643,12,3299900,-1
35361.643429,1,1001252,221,3300200,-1
35362.745023,2,1001115,118,3299900,1
35364.016203,1,1001253,275,3300100,-1
35364.570032,1,1001254,403,3299900,1
35365.505397,4,1001231,87,3297800,1
35366.235041,4,1001216,126,3299900,1
35366.462885,3,1001206,75,3299800,1
35366.659335,4,1001205,25,3301400,-1
35366.952619,2,1000669,66,3301900,-1
35367.177006,3,1000684,82,3298500,1
35367.293201,3,1001204,72,3302700,-1
35367.343296,5,1001255,226,3299600,1
35367.663916,2,1001195,112,3299800,1
35367.768430,3,1000915,383,3298100,1
35367.768945,1,1001256,427,3299800,1
35367.918358,1,1001257,94,3300800,-1
35368.275854,1,1001258,325,3298300,1
35368.588548,1,1001259,347,3299600,1
35368.998567,1,1001260,255,3301000,-1
35369.771321,1,1001261,416,3299900,1
35370.083669,4,1000969,190,3299900,1
35370.139928,1,1001262,460,3300700,-1
35370.245499,1,1001263,375,3301100,-1
35370.479282,1,1001264,391,3299200,1
35370.696001,2,1001015,287,3299400,1
35371.741834,1,1001265,264,3300700,-1
35371.802535,1,1001266,393,3299300,1
35371.877058,4,1000683,45,3299800,1
35372.915856,2,1000261,3,3299800,-1
35373.011093,1,1001267,341,3301000,-1
35373.016474,2,1000604,63,3299300,1
35373.864658,5,1001268,460,3298800,1
35373.990352,1,1001269,350,3300000,-1
35374.231567,1,1001270,318,3300900,-1
35375.661783,1,1001271,415,3298400,1
35375.848466,2,1001003,19,3299100,1
35375.985400,3,1000894,93,3302500,-1
35376.903211,1,1001272,396,3301300,-1
35377.185030,2,1000223,70,3299700,1
35377.412478,5,1001273,93,3299900,1
35377.920790,3,1000019,232,3300100,-1
35378.125010,5,1001274,250,3299800,1
35378.273099,1,1001275,360,3297400,1
35379.053924,4,1000018,18,3300200,-1
35380.096236,3,1001123,375,3300400,-1
35380.488845,1,1001276,168,3299900,-1
35381.550785,1,1001277,125,3299500,1
35381.666522,1,1001278,469,3299700,1
35382.232659,1,1001279,134,3300000,-1
35383.750612,1,1001280,90,3299500,1
35385.073046,1,1001281,245,3300900,-1
35385.145150,1,1001282,74,3300200,-1
35385.791621,1,1001283,192,3299900,-1
35385.925238,1,1001284,339,3299400,1
35386.149650,4,1001103,218,3300300,-1
35386.417941,1,1001285,168,3298700,1
35387.018146,4,1001276,91,3299900,-1
35387.185501,1,1001286,426,3299500,1
35387.391851,1,1001287,237,3298800,1
35387.671305,1,1001288,451,3299000,1
35387.899154,2,1001033,114,3302500,-1
35388.319276,4,1000717,17,3299000,1
35388.846170,4,1000068,160,3299600,1
35388.924225,2,1000885,64,3299000,1
35389.032731,4,1000424,213,3299700,1
35390.698008,1,1001289,355,3299100,1
35391.164677,1,1001290,345,3299100,1
35391.696654,2,1000683,57,3299800,1
35391.861803,4,1000960,105,3299900,-1
35392.263520,1,1001291,230,3300400,-1
35393.790208,2,1001173,15,3302000,-1
35393.854908,1,1001292,147,3300100,-1
35393.992764,1,1001293,286,3301200,-1
35394.167180,2,1000874,16,3300600,-1
35395.011744,1,1001294,405,3299100,1
35395.367736,2,1000818,177,3300300,-1
35395.505116,1,1001295,71,3299300,1
35395.620212,2,1001228,215,3300600,-1
35395.641468,3,1001049,296,3301100,-1
35395.729304,1,1001296,430,3299400,1
35397.100987,4,1000455,5,3299500,1
35397.313560,3,1000211,9,3298200,1
35397.451401,1,1001297,226,3300500,-1
35398.141378,2,1001117,49,3302400,-1
35398.497014,2,1000259,43,3300500,-1
35399.517189,3,1001242,360,3300500,-1
35399.629750,4,1001218,105,3301700,-1
35399.633532,1,1001298,499,3297700,1
35402.019854,4,1000212,7,3300300,-1
35402.080047,1,1001299,79,3302200,-1
35402.100865,1,1001300,378,3299800,-1
35402.160931,4,1000986,144,3300100,1
35403.315157,1,1001301,295,3299800,1
35403.346164,1,1001302,187,3299000,1
35403.879803,2,1001065,132,3299900,1
35405.306796,1,1001303,444,3299500,1
35405.518996,1,1001304,58,3300200,-1
35405.758194,1,1001305,431,3301200,-1
35406.254150,1,1001306,441,3300200,-1
35406.300299,3,1001069,488,3302000,-1
35406.988725,3,1001282,74,3300200,-1
35407.288529,1,1001307,468,3299200,1
35408.117436,1,1001308,437,3300700,-1
35408.432646,1,1001309,126,3300300,-1
35408.853270,2,1000514,59,3300000,-1
35412.129446,3,1000814,99,3300000,1
35412.157678,2,1000187,24,3299300,1
35412.269353,4,1001139,209,3301200,-1
35412.291686,4,1001181,48,3299300,1
35412.439930,2,1000495,12,3298600,1
35413.642485,3,1000563,85,3299900,1
35414.650899,2,1000868,21,3300100,1
35414.850235,3,1000919,109,3300200,-1
35415.711606,4,1001041,127,3297600,1
35416.346570,1,1001310,313,3299500,1
35416.404667,1,1001311,176,3298800,1
35416.661399,1,1001312,281,3300000,-1
35417.100310,4,1001056,131,3302400,-1
35417.268479,4,1000917,147,3299600,1
35417.356697,3,1001051,182,3301000,-1
35417.747472,1,1001313,461,3302000,-1
35417.914315,2,1001078,20,3300300,-1
35419.315733,3,1000690,199,3298900,1
35419.568675,3,1000414,471,3300600,-1
35419.650123,3,1000824,221,3300000,1
35419.663212,1,1001314,242,3299200,1
35420.586339,2,1000733,39,3299100,1
35420.746428,1,1001315,455,3300800,-1
35420.752662,1,1001316,219,3298700,1
35420.834117,3,1001009,256,3297700,1
35421.624510,3,1000523,5,3299500,1
35422.569312,1,1001317,120,3299800,1
35422.598423,1,1001318,181,3297900,1
35424.261833,1,1001319,362,3301300,-1
35425.028127,2,1000695,48,3299300,1
35425.118830,3,1000266,150,3299500,1
35425.237402,1,1001320,222,3297800,1
35425.912456,1,1001321,99,3301300,-1
35426.474235,5,1001322,152,3301300,-1
35426.667982,2,1001146,18,3300500,-1
35426.834768,1,1001323,493,3301400,-1
35426.847842,1,1001324,301,3300800,-1
35427.380232,2,1001076,25,3297700,1
35429.079730,1,1001325,50,3300100,1
35430.074749,4,1001318,66,3297900,1
35431.102372,1,1001326,168,3300400,-1
35431.136161,3,1000886,314,3300600,-1
35432.036610,2,1000647,31,3300400,-1
35432.412796,1,1001327,454,3298700,1
35432.428695,2,1000187,80,3299300,1
35433.236795,1,1001328,176,3300900,-1
