34200.742970,1,1000000,81,2397800,1
34200.842210,3,1000000,81,2397800,1
34200.915617,1,1000001,240,2404300,-1
34201.117027,1,1000002,235,2399800,1
34201.144708,5,1000003,51,2401300,-1
34201.240107,1,1000004,283,2399400,1
34201.313943,1,1000005,234,2401600,-1
34201.484385,1,1000006,114,2401700,-1
34201.602834,1,1000007,290,2400700,-1
34202.925045,1,1000008,226,2395500,1
34203.636364,1,1000009,107,2401600,-1
34203.736857,1,1000010,117,2399700,1
34203.916263,1,1000011,46,2401200,-1
34204.328301,4,1000009,26,2401600,-1
34204.358232,1,1000012,262,2402500,-1
34204.599432,1,1000013,152,2400100,-1
34204.761632,1,1000014,242,2400800,-1
34204.771640,5,1000015,80,2398200,1
34204.927664,1,1000016,126,2400800,-1
34205.238338,4,1000016,44,2400800,-1
34205.301849,1,1000017,215,2402300,-1
34205.598170,1,1000018,138,2398900,1
34205.613948,3,1000012,262,2402500,-1
34205.627629,1,1000019,41,2402000,-1
34205.703550,2,1000017,113,2402300,-1
34205.765721,1,1000020,195,2395800,1
34206.164056,1,1000021,205,2396100,1
34206.332335,1,1000022,101,2396200,1
34206.499194,5,1000023,227,2395700,1
34206.834789,1,1000024,119,2400000,-1
34206.846941,1,1000025,98,2400800,-1
34207.314927,1,1000026,31,2404400,-1
34207.586332,1,1000027,111,2397900,1
34208.238305,3,1000016,82,2400800,-1
34208.438534,1,1000028,46,2402100,-1
34208.685681,1,1000029,142,2398900,1
34209.294499,1,1000030,247,2394700,1
34209.335247,1,1000031,91,2398200,1
34209.517584,1,1000032,163,2397600,1
34209.540387,2,1000030,64,2394700,1
34209.575336,2,1000005,89,2401600,-1
34209.667803,1,1000033,193,2398600,1
34210.243294,1,1000034,254,2398100,1
34210.298063,1,1000035,79,2402700,-1
34210.625929,2,1000010,49,2399700,1
34210.630783,4,1000022,84,2396200,1
34210.811295,2,1000029,43,2398900,1
34211.001875,1,1000036,251,2396400,1
34211.131456,1,1000037,158,2400500,-1
34211.142495,4,1000019,20,2402000,-1
34211.516727,1,1000038,232,2398600,1
34211.828708,1,1000039,177,2402400,-1
34211.860437,1,1000040,210,2397100,1
34211.931188,1,1000041,191,2397800,1
34211.972984,1,1000042,107,2396900,1
34212.250900,1,1000043,295,2400200,-1
34212.609757,1,1000044,83,2399600,-1
34213.019346,1,1000045,191,2402200,-1
34213.042533,1,1000046,159,2402000,-1
34213.135547,1,1000047,35,2398200,1
34213.153282,1,1000048,237,2400100,-1
34213.159833,1,1000049,76,2397500,1
34213.707421,1,1000050,123,2398500,1
34213.754375,1,1000051,78,2398700,1
34214.085970,1,1000052,158,2400400,-1
34214.277039,5,1000053,236,2398800,1
34214.666565,1,1000054,255,2401300,-1
34214.833942,1,1000055,179,2395700,1
34215.247858,1,1000056,200,2398600,1
34215.317993,4,1000045,112,2402200,-1
34215.449370,1,1000057,170,2395100,1
34215.717748,1,1000058,55,2400400,-1
34215.834434,1,1000059,149,2394200,1
34216.463036,1,1000060,269,2398400,1
34216.492893,1,1000061,269,2398400,1
34216.757558,1,1000062,109,2400500,-1
34216.847378,1,1000063,279,2400900,-1
34217.692090,1,1000064,43,2399300,1
34217.957741,1,1000065,201,2398500,1
34218.120673,1,1000066,202,2400800,-1
34218.335634,1,1000067,216,2403400,-1
34218.756286,1,1000068,193,2401300,-1
34218.773872,2,1000032,62,2397600,1
34218.818079,2,1000008,79,2395500,1
34220.425945,1,1000069,211,2397000,1
34220.581793,1,1000070,64,2405300,-1
34220.609909,1,1000071,245,2401100,-1
34220.746645,2,1000057,52,2395100,1
34220.811664,1,1000072,177,2396100,1
34220.838598,5,1000073,197,2403800,-1
34221.369894,2,1000002,126,2399800,1
34221.491366,1,1000074,112,2398900,1
34221.503844,1,1000075,235,2402600,-1
34221.673115,1,1000076,86,2400500,-1
34221.840744,3,1000048,237,2400100,-1
34221.889896,1,1000077,62,2396700,1
34221.941011,1,1000078,103,2399000,1
34222.014527,1,1000079,229,2398700,1
34222.096531,1,1000080,44,2400600,-1
34222.115250,1,1000081,86,2400800,-1
34222.351097,1,1000082,292,2394900,1
34222.432043,1,1000083,28,2401400,-1
34223.065304,1,1000084,220,2405000,-1
34223.138788,1,1000085,159,2398800,1
34223.337263,2,1000038,97,2398600,1
34223.448300,1,1000086,290,2397300,1
34223.470552,1,1000087,286,2398100,1
34223.504503,1,1000088,127,2404000,-1
34223.660460,2,1000061,148,2398400,1
34223.750648,1,1000089,225,2401300,-1
34223.817826,1,1000090,230,2397400,1
34224.170434,1,1000091,139,2398400,1
34224.544969,1,1000092,72,2400400,-1
34224.817268,1,1000093,226,2394800,1
34225.046045,2,1000064,6,2399300,1
34225.325215,1,1000094,264,2395700,1
34225.661592,2,1000007,62,2400700,-1
34225.825652,1,1000095,66,2399100,1
34226.300772,1,1000096,232,2397400,1
34226.341309,1,1000097,151,2401600,-1
34226.574940,3,1000002,109,2399800,1
34226.606067,1,1000098,163,2399300,1
34227.171410,1,1000099,86,2398300,1
34227.211207,1,1000100,30,2400100,-1
34227.479635,1,1000101,124,2402400,-1
34227.936857,1,1000102,72,2401300,-1
34228.205088,1,1000103,225,2399400,1
34228.444914,2,1000028,19,2402100,-1
34229.090844,1,1000104,71,2396700,1
34229.269796,1,1000105,275,2400300,-1
34229.303303,1,1000106,155,2398600,1
34229.538086,5,1000107,36,2400200,-1
34229.825629,3,1000090,230,2397400,1
34229.838023,1,1000108,179,2394500,1
34230.377885,5,1000109,267,2397500,1
34230.535615,1,1000110,132,2401100,-1
34230.540971,1,1000111,222,2398900,1
34230.542508,1,1000112,83,2397100,1
34230.820523,1,1000113,246,2397800,1
34231.170394,5,1000114,187,2402300,-1
34231.543112,1,1000115,101,2400900,-1
34231.736371,1,1000116,158,2398000,1
34231.909959,3,1000006,114,2401700,-1
34232.100275,1,1000117,106,2402700,-1
34232.120085,2,1000082,101,2394900,1
34232.457577,1,1000118,146,2399400,1
34232.691421,1,1000119,98,2399900,1
34232.720001,1,1000120,99,2399500,1
34233.133702,1,1000121,264,2399000,1
34233.196771,1,1000122,44,2399900,1
34233.322848,1,1000123,250,2396100,1
34233.329544,1,1000124,52,2400200,1
34233.687109,1,1000125,135,2403100,-1
34233.706380,1,1000126,51,2401200,-1
34233.760745,1,1000127,37,2398600,1
34234.165456,1,1000128,138,2397000,1
34234.348657,1,1000129,185,2402700,-1
34234.350965,1,1000130,251,2403100,-1
34234.474904,3,1000062,109,2400500,-1
34234.968373,1,1000131,243,2401500,-1
34235.253378,1,1000132,205,2397900,1
34235.302333,1,1000133,138,2404400,-1
34235.348683,1,1000134,108,2399100,1
34236.036034,5,1000135,66,2399500,1
34236.061393,4,1000110,91,2401100,-1
34236.264023,1,1000136,145,2402000,-1
34236.304316,2,1000132,24,2397900,1
34236.672185,1,1000137,42,2394700,1
34236.926354,1,1000138,88,2399700,1
34237.168391,3,1000019,21,2402000,-1
34237.172829,1,1000139,215,2399100,1
34237.265520,1,1000140,207,2396000,1
34237.427316,1,1000141,117,2400900,-1
34237.544164,1,1000142,155,2398800,1
34238.723451,3,1000022,17,2396200,1
34238.959628,1,1000143,63,2398400,1
34239.295022,1,1000144,29,2404200,-1
34239.388082,3,1000124,52,2400200,1
34239.438878,2,1000080,18,2400600,-1
34239.468711,5,1000145,76,2398100,1
34239.742477,1,1000146,242,2397800,1
34240.056058,2,1000094,91,2395700,1
34240.219872,1,1000147,240,2401000,-1
34240.315328,3,1000029,99,2398900,1
34240.537967,1,1000148,203,2395600,1
34240.650286,1,1000149,210,2404000,-1
34240.693060,1,1000150,155,2400300,-1
34240.972224,1,1000151,40,2398900,1
34241.005790,1,1000152,62,2398200,1
34241.213195,1,1000153,294,2401900,-1
34241.590611,4,1000140,167,2396000,1
34241.754883,2,1000036,31,2396400,1
34241.778778,1,1000154,129,2404400,-1
34242.243758,1,1000155,101,2404800,-1
34242.303181,1,1000156,251,2398800,1
34242.319231,1,1000157,290,2400500,-1
34242.433405,1,1000158,56,2400300,-1
34242.828230,2,1000116,85,2398000,1
34243.135549,2,1000158,19,2400300,-1
34243.382614,1,1000159,105,2403400,-1
34244.129034,1,1000160,64,2404500,-1
34244.281705,2,1000158,9,2400300,-1
34244.415702,1,1000161,211,2401300,-1
34245.020090,1,1000162,165,2396500,1
34245.277388,1,1000163,70,2399000,1
34245.344112,1,1000164,90,2400500,-1
34245.594854,1,1000165,161,2398300,1
34246.022454,1,1000166,170,2398900,1
34246.153905,1,1000167,123,2398900,1
34246.286713,4,1000060,190,2398400,1
34246.614614,3,1000091,139,2398400,1
34246.751470,1,1000168,174,2400300,-1
34246.835978,1,1000169,54,2400600,-1
34246.916698,1,1000170,136,2398000,1
34247.641529,1,1000171,172,2402200,-1
34247.721561,1,1000172,216,2398600,1
34247.914149,1,1000173,38,2399100,1
34247.960680,1,1000174,115,2398700,1
34248.270161,1,1000175,286,2399200,1
34248.508241,1,1000176,187,2394200,1
34248.543705,1,1000177,208,2396000,1
34248.636574,1,1000178,134,2401900,-1
34248.880270,1,1000179,233,2404900,-1
34249.491319,1,1000180,183,2400100,-1
34249.685483,1,1000181,273,2400800,-1
34249.720870,1,1000182,190,2395300,1
34250.218013,2,1000005,75,2401600,-1
34250.544756,1,1000183,221,2401400,-1
34250.550808,1,1000184,42,2394600,1
34250.914978,1,1000185,284,2400400,-1
34250.955515,1,1000186,57,2400400,-1
34251.845335,1,1000187,156,2398600,1
34251.887684,1,1000188,278,2398900,1
34252.122819,1,1000189,215,2400800,-1
34252.343938,1,1000190,22,2396500,1
34252.382705,1,1000191,68,2404100,-1
34252.396147,1,1000192,268,2396200,1
34252.398959,1,1000193,156,2401700,-1
34252.705778,1,1000194,128,2402300,-1
34252.720663,1,1000195,131,2398100,1
34252.744483,2,1000141,29,2400900,-1
34252.881123,1,1000196,53,2395900,1
34253.282645,1,1000197,73,2402300,-1
34253.310595,1,1000198,233,2400400,-1
34253.440088,1,1000199,173,2399500,1
34253.612128,1,1000200,291,2401900,-1
34253.722831,1,1000201,32,2401200,-1
34253.892968,1,1000202,127,2397600,1
34253.960138,1,1000203,259,2403200,-1
34254.042388,1,1000204,123,2401800,-1
34254.124906,1,1000205,291,2397300,1
34254.162279,1,1000206,268,2401600,-1
34254.494556,5,1000207,190,2395200,1
34254.621271,1,1000208,148,2400700,-1
34254.636903,1,1000209,166,2400800,-1
34255.629010,1,1000210,281,2401200,-1
34256.021753,1,1000211,118,2400000,1
34256.345461,5,1000212,248,2400200,1
34256.523937,1,1000213,229,2398500,1
34257.013861,3,1000138,88,2399700,1
34257.276538,1,1000214,42,2399200,1
34257.507173,1,1000215,109,2400100,1
34257.898071,1,1000216,245,2398100,1
34258.215441,2,1000086,173,2397300,1
34258.666323,1,1000217,45,2402200,-1
34259.034007,1,1000218,96,2404000,-1
34259.271106,2,1000208,18,2400700,-1
34259.403482,1,1000219,234,2401200,-1
34259.837039,1,1000220,262,2400700,-1
34259.844937,1,1000221,266,2399000,1
34260.154920,1,1000222,106,2397100,1
34260.398128,1,1000223,129,2402300,-1
34260.427841,2,1000202,65,2397600,1
34262.012078,1,1000224,80,2399300,1
34262.184044,5,1000225,35,2401900,-1
34262.457496,1,1000226,125,2399700,1
34262.476908,1,1000227,198,2399700,1
34262.519807,1,1000228,258,2402500,-1
34263.209008,2,1000044,20,2399600,-1
34263.272998,1,1000229,239,2399500,1
34263.449173,1,1000230,41,2400500,1
34263.813440,1,1000231,259,2400400,1
34263.948817,1,1000232,128,2398900,1
34264.028991,1,1000233,80,2401400,-1
34264.698005,5,1000234,20,2399900,1
34265.554768,1,1000235,111,2398400,1
34265.598163,1,1000236,219,2395000,1
34266.335047,5,1000237,124,2399600,1
34267.355722,1,1000238,135,2398300,1
34267.680236,1,1000239,61,2401200,-1
34267.714534,1,1000240,217,2403900,-1
34268.123882,1,1000241,220,2403200,-1
34268.253140,1,1000242,166,2401400,-1
34268.370301,1,1000243,169,2401200,-1
34268.445018,2,1000201,10,2401200,-1
34268.565972,2,1000226,45,2399700,1
34268.606265,3,1000108,179,2394500,1
34268.995317,3,1000081,86,2400800,-1
34269.510589,1,1000244,230,2402700,-1
34269.557444,2,1000214,17,2399200,1
34269.610239,3,1000045,79,2402200,-1
34269.619622,1,1000245,285,2403000,-1
34269.751184,1,1000246,286,2402100,-1
34269.959848,1,1000247,84,2403400,-1
34270.022649,1,1000248,121,2400100,1
34270.499478,1,1000249,224,2405100,-1
34270.873636,1,1000250,56,2402300,-1
34271.095412,2,1000152,26,2398200,1
34271.126684,1,1000251,173,2401500,-1
34271.475418,1,1000252,261,2401700,-1
34271.557868,1,1000253,251,2397900,1
34271.587394,4,1000227,80,2399700,1
34272.065818,1,1000254,172,2401900,-1
34272.068237,1,1000255,263,2403700,-1
34272.358985,1,1000256,201,2398000,1
34272.563132,1,1000257,253,2401500,-1
34272.712496,1,1000258,191,2398700,1
34273.424559,2,1000041,36,2397800,1
34273.479803,1,1000259,191,2399200,1
34273.547273,1,1000260,224,2398300,1
34273.643178,1,1000261,79,2403400,-1
34273.723391,1,1000262,243,2397500,1
34273.795658,4,1000007,53,2400700,-1
34273.890043,1,1000263,275,2406000,-1
34274.078566,1,1000264,55,2397800,1
34274.250560,3,1000195,131,2398100,1
34274.305101,1,1000265,250,2399800,1
34274.364214,4,1000230,24,2400500,1
34274.705498,4,1000086,51,2397300,1
34274.868107,1,1000266,147,2399400,1
34275.275132,1,1000267,41,2404700,-1
34275.381648,1,1000268,36,2399200,1
34275.853154,2,1000230,10,2400500,1
34276.470350,3,1000136,145,2402000,-1
34277.181025,1,1000269,127,2399600,1
34277.438957,1,1000270,132,2398800,1
34277.862309,3,1000030,183,2394700,1
34278.303019,3,1000150,155,2400300,-1
34278.377230,5,1000271,142,2397700,1
34278.632306,1,1000272,172,2401300,-1
34278.668106,1,1000273,53,2399800,1
34278.777360,3,1000051,78,2398700,1
34278.935000,1,1000274,138,2400100,1
34278.941992,1,1000275,181,2405900,-1
34279.026641,1,1000276,240,2398700,1
34279.435658,1,1000277,191,2401300,-1
34279.547502,1,1000278,67,2405500,-1
34279.563879,1,1000279,241,2397700,1
34279.677579,2,1000034,78,2398100,1
34279.795428,1,1000280,100,2401600,-1
34279.805431,1,1000281,280,2398000,1
34280.026409,1,1000282,173,2399400,1
34280.114099,1,1000283,269,2401600,-1
34280.329361,1,1000284,35,2400000,1
34280.329685,3,1000007,175,2400700,-1
34280.807663,1,1000285,99,2404600,-1
34280.994361,1,1000286,108,2402500,-1
34281.314627,1,1000287,182,2402600,-1
34281.483842,1,1000288,209,2398800,1
34282.060769,1,1000289,45,2404400,-1
34282.483157,4,1000120,97,2399500,1
34282.605882,1,1000290,208,2398100,1
34282.619174,1,1000291,213,2405700,-1
34282.735953,5,1000292,199,2399200,1
34282.845142,2,1000282,49,2399400,1
34282.976799,1,1000293,93,2399800,1
34283.181744,1,1000294,242,2399300,1
34283.206019,2,1000205,129,2397300,1
34283.365421,1,1000295,158,2400000,1
34283.424292,5,1000296,125,2399900,1
34283.471100,2,1000083,14,2401400,-1
34283.807985,1,1000297,181,2396700,1
34283.824725,1,1000298,264,2399400,1
34283.866539,1,1000299,269,2396800,1
34283.943058,5,1000300,226,2395200,1
34284.257981,1,1000301,74,2403900,-1
34284.313372,1,1000302,120,2399000,1
34284.489830,1,1000303,57,2399900,1
34284.885630,1,1000304,43,2398500,1
34284.951943,1,1000305,71,2401800,-1
34285.678916,1,1000306,65,2403300,-1
34286.042139,1,1000307,59,2402600,-1
34286.203691,1,1000308,64,2398600,1
34286.477895,1,1000309,85,2402300,-1
34286.587496,2,1000009,43,2401600,-1
34286.900299,1,1000310,298,2402600,-1
34287.007020,1,1000311,43,2402500,-1
34287.224805,1,1000312,206,2403800,-1
34287.523441,1,1000313,280,2398800,1
34287.562313,1,1000314,47,2400600,-1
34287.916788,1,1000315,25,2400700,-1
34287.972168,1,1000316,88,2398800,1
34288.258111,1,1000317,150,2401100,-1
34288.271628,1,1000318,67,2398500,1
34288.910866,1,1000319,174,2397300,1
34289.379290,1,1000320,117,2400500,-1
34289.855957,1,1000321,101,2400900,-1
34289.930066,1,1000322,110,2398500,1
34290.197558,2,1000121,63,2399000,1
34291.016282,1,1000323,218,2398400,1
34291.799361,1,1000324,229,2401800,-1
34292.040531,1,1000325,90,2397900,1
34292.567218,1,1000326,75,2394900,1
34292.765365,1,1000327,200,2399000,1
34293.219562,2,1000105,100,2400300,-1
34293.365960,3,1000133,138,2404400,-1
34294.013566,2,1000242,53,2401400,-1
34294.121296,1,1000328,231,2402600,-1
34294.157614,5,1000329,169,2399800,1
34294.170315,1,1000330,42,2405400,-1
34294.363586,1,1000331,268,2399600,1
34294.436512,1,1000332,148,2399300,1
34294.721755,1,1000333,270,2401200,-1
34294.732752,3,1000239,61,2401200,-1
34294.775909,1,1000334,255,2396700,1
34295.066053,1,1000335,73,2401500,-1
34295.148931,1,1000336,20,2398300,1
34295.175772,2,1000177,47,2396000,1
34295.177687,1,1000337,171,2400100,-1
34295.200417,1,1000338,23,2402200,-1
34295.415188,1,1000339,241,2401200,-1
34295.650986,1,1000340,196,2398800,1
34295.780478,1,1000341,116,2400900,-1
34295.954255,1,1000342,290,2395100,1
34296.305939,1,1000343,46,2401700,-1
34296.399618,5,1000344,65,2399100,1
34296.549447,2,1000011,24,2401200,-1
34297.130771,5,1000345,237,2400600,-1
34297.241092,4,1000131,209,2401500,-1
34297.280955,1,1000346,203,2402000,-1
34297.300745,1,1000347,210,2401800,-1
34297.472520,1,1000348,96,2398300,1
34297.613822,1,1000349,60,2400500,-1
34298.033415,1,1000350,190,2401100,-1
34298.044158,1,1000351,45,2401500,-1
34298.614029,1,1000352,208,2401200,-1
34298.691412,2,1000018,39,2398900,1
34298.885373,1,1000353,259,2401500,-1
34299.196035,2,1000222,53,2397100,1
34299.302052,1,1000354,52,2396800,1
34299.371508,1,1000355,255,2399500,1
34299.761614,1,1000356,297,2403300,-1
34299.923029,1,1000357,191,2405100,-1
34300.759309,1,1000358,168,2405400,-1
34300.805625,1,1000359,215,2399200,1
34300.859808,1,1000360,104,2396800,1
34300.995575,1,1000361,102,2398500,1
34301.329165,1,1000362,188,2398400,1
34301.330380,1,1000363,197,2398400,1
34301.428518,1,1000364,63,2395100,1
34301.589346,1,1000365,154,2394700,1
34301.670552,1,1000366,280,2394800,1
34301.687159,1,1000367,165,2396200,1
34301.906146,1,1000368,287,2405400,-1
34302.074846,1,1000369,290,2399300,1
34302.141371,1,1000370,166,2398500,1
34302.183063,1,1000371,161,2399200,1
34302.295744,1,1000372,173,2396400,1
34302.306427,1,1000373,150,2401300,-1
34302.403996,1,1000374,110,2394700,1
34302.404328,1,1000375,253,2398000,1
34303.018742,2,1000368,159,2405400,-1
34303.584619,1,1000376,105,2397000,1
34303.865893,1,1000377,176,2397000,1
34304.044692,1,1000378,181,2400700,-1
34304.210848,1,1000379,150,2400800,-1
34304.219373,1,1000380,188,2404800,-1
34304.599588,1,1000381,299,2401000,-1
34304.618853,1,1000382,259,2401000,-1
34304.941827,1,1000383,194,2400200,-1
34305.138932,1,1000384,281,2401200,-1
34305.186715,1,1000385,132,2399000,1
34305.280230,1,1000386,139,2400800,-1
34305.393166,1,1000387,86,2400000,-1
34305.495849,1,1000388,162,2400300,-1
34305.595328,1,1000389,109,2398200,1
34305.634327,2,1000353,152,2401500,-1
34305.672086,1,1000390,234,2399300,1
34306.044796,2,1000180,58,2400100,-1
34306.368716,1,1000391,79,2401300,-1
34306.450172,1,1000392,76,2398700,1
34306.679614,3,1000173,38,2399100,1
34306.925433,1,1000393,252,2402400,-1
34307.327246,1,1000394,283,2400500,-1
34307.471181,1,1000395,45,2400700,-1
34307.800430,1,1000396,159,2403000,-1
34307.843328,4,1000371,142,2399200,1
34308.085455,1,1000397,86,2397800,1
34308.505093,1,1000398,62,2394400,1
34308.517610,2,1000024,30,2400000,-1
34308.931504,1,1000399,195,2398100,1
34309.406053,3,1000393,252,2402400,-1
34309.601185,1,1000400,267,2400100,-1
34309.653112,1,1000401,36,2398600,1
34310.420042,1,1000402,280,2398500,1
34310.824541,1,1000403,204,2401500,-1
34311.172854,3,1000117,106,2402700,-1
34311.200176,4,1000191,54,2404100,-1
34311.235261,2,1000392,24,2398700,1
34311.244941,1,1000404,288,2398200,1
34311.466823,1,1000405,38,2397000,1
34311.633478,2,1000204,47,2401800,-1
34312.276524,1,1000406,249,2395600,1
34312.764496,1,1000407,81,2400200,-1
34312.976479,1,1000408,205,2403000,-1
34313.282957,1,1000409,162,2400500,-1
34313.775104,1,1000410,226,2398600,1
34313.961323,2,1000233,13,2401400,-1
34314.224023,1,1000411,33,2398600,1
34314.332865,1,1000412,166,2400800,-1
34314.516331,1,1000413,259,2401000,-1
34315.122022,1,1000414,183,2396700,1
34315.343682,3,1000060,79,2398400,1
34315.434593,4,1000099,37,2398300,1
34316.044885,1,1000415,184,2401200,-1
34316.574172,4,1000280,24,2401600,-1
34316.637436,3,1000348,96,2398300,1
34316.641679,1,1000416,171,2399900,-1
34316.821809,5,1000417,260,2399200,1
34316.888587,1,1000418,201,2400300,-1
34316.903816,1,1000419,166,2399200,1
34317.526634,2,1000287,26,2402600,-1
34317.785886,1,1000420,50,2400400,-1
34317.952469,1,1000421,106,2398700,1
34317.961037,5,1000422,266,2405100,-1
34318.131529,1,1000423,41,2401600,-1
34318.159527,1,1000424,47,2400900,-1
34318.476110,1,1000425,121,2398300,1
34318.510117,4,1000142,41,2398800,1
34318.513742,1,1000426,260,2399100,1
34318.519495,1,1000427,274,2400500,-1
34318.597356,1,1000428,172,2397600,1
34318.836108,1,1000429,263,2394400,1
34319.166373,1,1000430,238,2400100,-1
34319.231148,1,1000431,262,2398000,1
34319.498504,1,1000432,234,2400300,-1
34319.739988,1,1000433,193,2399300,1
34319.791341,4,1000414,127,2396700,1
34319.838576,1,1000434,298,2401500,-1
34319.841936,1,1000435,190,2404900,-1
34320.440417,1,1000436,59,2397500,1
34320.690399,3,1000436,59,2397500,1
34321.229962,1,1000437,118,2402700,-1
34321.852019,1,1000438,279,2402800,-1
34321.952074,1,1000439,108,2400200,-1
34321.995508,1,1000440,292,2398800,1
34322.201088,1,1000441,280,2397900,1
34322.322032,2,1000275,83,2405900,-1
34322.489903,1,1000442,34,2400800,-1
34322.492223,1,1000443,148,2396300,1
34323.336527,1,1000444,70,2402700,-1
34323.538561,1,1000445,292,2399900,-1
34324.067321,3,1000118,146,2399400,1
34324.460440,1,1000446,77,2400300,-1
34324.575152,1,1000447,289,2400000,-1
34325.148527,3,1000243,169,2401200,-1
34325.270982,1,1000448,62,2404700,-1
34325.532143,1,1000449,150,2401600,-1
34325.743730,1,1000450,145,2401100,-1
34325.941845,1,1000451,219,2398600,1
34326.060841,1,1000452,276,2404700,-1
34326.367604,1,1000453,86,2402200,-1
34327.606011,1,1000454,194,2399400,-1
34327.681402,1,1000455,230,2399800,-1
34327.983924,5,1000456,208,2399800,-1
34328.080275,1,1000457,148,2399900,-1
34328.084185,1,1000458,83,2398400,1
34328.242485,1,1000459,222,2401100,-1
34328.272351,4,1000264,24,2397800,1
34328.436391,1,1000460,105,2400300,-1
34328.563594,1,1000461,148,2399500,-1
34328.686628,1,1000462,166,2397800,1
34329.055009,1,1000463,50,2399800,-1
34329.063514,1,1000464,86,2398000,1
34329.185149,1,1000465,206,2399900,-1
34329.506364,2,1000040,55,2397100,1
34330.243298,1,1000466,72,2401800,-1
34330.418755,1,1000467,191,2399800,-1
34330.548071,1,1000468,115,2400900,-1
34330.802619,1,1000469,152,2400700,-1
34331.047186,1,1000470,78,2394600,1
34331.509008,1,1000471,92,2401000,-1
34332.017114,2,1000224,42,2399300,1
34332.348649,1,1000472,86,2398300,1
34333.348267,1,1000473,39,2398000,1
34333.444813,1,1000474,158,2400700,-1
34333.518806,1,1000475,144,2397000,1
34333.602792,1,1000476,62,2399400,1
34333.694323,1,1000477,84,2397500,1
34333.730257,1,1000478,188,2401700,-1
34334.160552,1,1000479,135,2395800,1
34334.171905,1,1000480,177,2400800,-1
34334.172169,1,1000481,253,2401000,-1
34334.358002,1,1000482,270,2403000,-1
34335.113204,1,1000483,289,2397600,1
34335.299858,1,1000484,244,2394700,1
34335.349295,2,1000343,18,2401700,-1
34335.375867,1,1000485,126,2404700,-1
34335.424426,4,1000291,129,2405700,-1
34336.077037,1,1000486,129,2396200,1
34336.134281,1,1000487,38,2395300,1
34336.335813,1,1000488,282,2400700,-1
34336.449604,1,1000489,140,2403300,-1
34336.494863,1,1000490,264,2402800,-1
34336.576177,1,1000491,234,2398600,1
34336.632354,1,1000492,105,2399100,1
34337.454760,1,1000493,21,2405400,-1
34337.482695,3,1000347,210,2401800,-1
34337.709731,1,1000494,52,2400400,-1
34339.144059,1,1000495,218,2400700,-1
34339.974385,1,1000496,149,2400500,-1
34339.986899,1,1000497,29,2395800,1
34340.183428,4,1000061,104,2398400,1
34340.420485,1,1000498,196,2401200,-1
34340.814864,1,1000499,234,2395800,1
34340.995091,1,1000500,186,2400400,-1
34341.335522,1,1000501,112,2401500,-1
34342.326912,1,1000502,293,2398900,1
34343.188221,1,1000503,293,2399400,1
34343.521443,1,1000504,35,2396500,1
34343.933357,1,1000505,138,2397300,1
34344.184111,1,1000506,117,2398800,1
34344.416042,1,1000507,167,2399600,1
34344.651688,4,1000213,178,2398500,1
34344.735744,1,1000508,267,2400400,-1
34345.207493,1,1000509,51,2403300,-1
34345.616095,1,1000510,203,2401900,-1
34345.695548,1,1000511,64,2400600,-1
34345.710021,1,1000512,28,2400900,-1
34345.823823,1,1000513,188,2405400,-1
34345.851362,1,1000514,127,2399300,1
34345.961973,2,1000468,60,2400900,-1
34346.017375,1,1000515,177,2403500,-1
34346.042265,2,1000266,36,2399400,1
34346.273297,3,1000163,70,2399000,1
34346.371053,1,1000516,139,2399500,1
34346.799840,1,1000517,69,2397500,1
34346.899667,1,1000518,108,2400700,-1
34347.145318,1,1000519,227,2400800,-1
34347.187151,3,1000387,86,2400000,-1
34347.496788,1,1000520,167,2398600,1
34347.813171,1,1000521,163,2404300,-1
34347.928466,4,1000032,63,2397600,1
34348.026483,1,1000522,79,2401900,-1
34348.545749,1,1000523,25,2399400,1
34349.457442,1,1000524,203,2399000,1
34349.520965,2,1000047,9,2398200,1
34349.701330,1,1000525,91,2398700,1
34350.276292,1,1000526,177,2400600,-1
34351.940049,1,1000527,63,2400800,-1
34352.297446,1,1000528,271,2401000,-1
34352.429927,1,1000529,40,2400800,-1
34352.508333,1,1000530,231,2400400,-1
34352.605588,1,1000531,21,2394600,1
34352.995093,1,1000532,220,2401100,-1
34353.151681,1,1000533,58,2401700,-1
34353.219577,1,1000534,257,2398500,1
34353.223333,3,1000289,45,2404400,-1
34353.301684,1,1000535,23,2404700,-1
34353.421718,1,1000536,60,2397700,1
34353.786677,1,1000537,185,2401100,-1
34353.799029,1,1000538,62,2394700,1
34353.951564,1,1000539,28,2399600,1
34354.434867,5,1000540,252,2404200,-1
34354.461208,1,1000541,145,2401200,-1
34354.762221,1,1000542,140,2400600,-1
34354.836064,1,1000543,228,2401400,-1
34355.067799,1,1000544,76,2400600,-1
34355.239488,5,1000545,134,2399300,1
34356.008808,1,1000546,249,2402700,-1
34356.549978,2,1000008,39,2395500,1
34356.919808,1,1000547,249,2395600,1
34357.168505,1,1000548,178,2403400,-1
34357.242830,1,1000549,234,2400200,-1
34357.844085,2,1000476,37,2399400,1
34358.176372,2,1000350,27,2401100,-1
34358.509715,1,1000550,43,2398400,1
34358.738617,1,1000551,190,2400200,-1
34359.078050,3,1000101,124,2402400,-1
34359.640790,1,1000552,29,2398000,1
34359.739888,4,1000507,130,2399600,1
34360.724375,2,1000069,123,2397000,1
34360.806934,1,1000553,259,2394600,1
34360.832674,1,1000554,47,2400600,-1
34360.850742,1,1000555,241,2399400,1
34361.001545,5,1000556,57,2396300,1
34361.299875,1,1000557,39,2394400,1
34361.621421,1,1000558,140,2394200,1
34361.698208,2,1000231,57,2400400,1
34362.502409,1,1000559,135,2398000,1
34362.578188,4,1000516,35,2399500,1
34362.638260,1,1000560,113,2398800,1
34362.974434,1,1000561,88,2400500,-1
34362.980239,4,1000403,86,2401500,-1
34363.258544,4,1000039,154,2402400,-1
34363.370100,2,1000559,45,2398000,1
34363.400056,3,1000473,39,2398000,1
34363.742166,4,1000013,124,2400100,-1
34363.990482,4,1000057,34,2395100,1
34364.117877,3,1000386,139,2400800,-1
34364.352991,1,1000562,113,2402900,-1
34364.412988,1,1000563,100,2394700,1
34364.999097,1,1000564,35,2405300,-1
34365.185289,3,1000092,72,2400400,-1
34365.648973,1,1000565,53,2401700,-1
34365.709641,1,1000566,226,2399200,1
34365.847433,1,1000567,222,2399500,1
34366.175331,1,1000568,144,2399500,1
34366.209155,2,1000530,34,2400400,-1
34366.246116,1,1000569,78,2395300,1
34366.419421,1,1000570,247,2401600,-1
34366.610320,2,1000297,52,2396700,1
34367.003916,1,1000571,115,2403300,-1
34367.027333,1,1000572,244,2399200,1
34367.171795,5,1000573,175,2399900,1
34367.789821,5,1000574,99,2400200,1
34368.239463,1,1000575,41,2402500,-1
34368.504214,1,1000576,110,2405000,-1
34368.560715,1,1000577,130,2398700,1
34368.621069,1,1000578,295,2402400,-1
34368.723940,2,1000200,150,2401900,-1
34368.871136,1,1000579,179,2402700,-1
34368.905364,4,1000360,25,2396800,1
34368.906988,3,1000362,188,2398400,1
34369.164694,2,1000299,105,2396800,1
34369.169262,1,1000580,115,2401900,-1
34369.276813,1,1000581,273,2400500,-1
34369.725283,1,1000582,213,2398300,1
34369.870991,4,1000414,22,2396700,1
34369.953945,1,1000583,279,2400700,-1
34370.004514,1,1000584,219,2398400,1
34370.007744,4,1000244,149,2402700,-1
34370.222495,1,1000585,288,2401000,-1
34370.650761,1,1000586,30,2399700,1
34370.814528,1,1000587,223,2404700,-1
34370.906185,1,1000588,224,2395100,1
34371.642436,1,1000589,129,2404900,-1
34372.414099,1,1000590,237,2399100,1
34372.599606,1,1000591,26,2399700,1
34372.721379,1,1000592,62,2397100,1
34373.344886,1,1000593,268,2401700,-1
34373.452575,1,1000594,151,2399200,1
34373.481928,4,1000448,62,2404700,-1
34373.581044,1,1000595,64,2400600,-1
34373.591737,1,1000596,226,2399100,1
34373.938085,3,1000112,83,2397100,1
34374.128197,1,1000597,154,2401100,-1
34374.152590,4,1000564,29,2405300,-1
34374.398912,1,1000598,224,2398600,1
34374.412942,1,1000599,205,2398300,1
34374.781739,4,1000566,71,2399200,1
34374.812640,1,1000600,288,2397900,1
34375.027517,4,1000194,66,2402300,-1
34375.079680,1,1000601,299,2398600,1
34375.175409,2,1000351,14,2401500,-1
34375.472833,5,1000602,144,2401200,-1
34375.772670,4,1000086,39,2397300,1
34375.786102,1,1000603,279,2401300,-1
34376.280894,1,1000604,111,2398100,1
34376.322101,1,1000605,65,2401300,-1
34376.733558,1,1000606,121,2401100,-1
34376.925249,4,1000314,34,2400600,-1
34377.437458,1,1000607,231,2398700,1
34377.592439,1,1000608,153,2400800,-1
34377.636775,1,1000609,102,2401600,-1
34377.870707,1,1000610,218,2400000,1
34378.075528,2,1000332,36,2399300,1
34378.101986,1,1000611,139,2404600,-1
34378.235543,1,1000612,144,2399600,1
34378.559169,4,1000147,83,2401000,-1
34378.689030,2,1000268,8,2399200,1
34378.802416,1,1000613,35,2402400,-1
34379.328851,4,1000368,67,2405400,-1
34379.550243,1,1000614,94,2398900,1
34379.611933,1,1000615,148,2398500,1
34379.899098,4,1000373,144,2401300,-1
34380.357068,2,1000250,28,2402300,-1
34381.039642,1,1000616,300,2399700,1
34381.107251,1,1000617,24,2399900,1
34381.440703,1,1000618,295,2404700,-1
34381.874051,1,1000619,192,2400900,-1
34381.892383,1,1000620,274,2396400,1
34382.196743,1,1000621,185,2397700,1
34382.573623,1,1000622,264,2399900,1
34382.748836,1,1000623,127,2396200,1
34382.790495,1,1000624,44,2401400,-1
34383.005994,4,1000290,185,2398100,1
34383.082968,4,1000249,195,2405100,-1
34383.467202,4,1000501,69,2401500,-1
34383.538202,3,1000532,220,2401100,-1
34383.998184,1,1000625,55,2398000,1
34384.082277,2,1000372,92,2396400,1
34384.300501,2,1000071,50,2401100,-1
34384.375345,1,1000626,90,2402400,-1
34384.749575,1,1000627,248,2401400,-1
34385.340992,1,1000628,168,2402400,-1
34385.364008,1,1000629,261,2401200,-1
34385.579798,2,1000142,29,2398800,1
34385.664205,1,1000630,89,2403500,-1
34385.668085,1,1000631,156,2398600,1
34385.919831,3,1000558,140,2394200,1
34386.240257,2,1000449,71,2401600,-1
34386.349908,1,1000632,214,2396100,1
34386.509770,1,1000633,174,2400400,1
34386.772492,2,1000065,40,2398500,1
34386.921296,1,1000634,152,2402000,-1
34387.053789,1,1000635,284,2402000,-1
34387.108320,1,1000636,58,2400100,1
34387.489277,3,1000188,278,2398900,1
34387.584843,4,1000505,103,2397300,1
34387.847335,1,1000637,281,2400300,1
34387.849738,1,1000638,242,2396300,1
34388.263742,1,1000639,263,2402800,-1
34388.271035,1,1000640,127,2398900,1
34388.350451,2,1000280,42,2401600,-1
34388.352124,1,1000641,20,2402100,-1
34388.612274,1,1000642,50,2402500,-1
34388.699207,1,1000643,260,2399800,1
34388.868831,1,1000644,229,2398200,1
34389.119970,2,1000643,85,2399800,1
34389.597215,1,1000645,206,2403300,-1
34389.796066,2,1000416,85,2399900,-1
34389.868363,1,1000646,227,2403900,-1
34390.408513,1,1000647,168,2398900,1
34390.492664,4,1000274,97,2400100,1
34390.530171,3,1000058,55,2400400,-1
34390.540930,1,1000648,227,2398100,1
34390.685984,1,1000649,76,2398900,1
34390.857450,3,1000367,165,2396200,1
34391.803714,1,1000650,124,2399200,1
34392.537709,3,1000284,35,2400000,1
34392.596338,1,1000651,167,2400300,-1
34392.803450,1,1000652,36,2398500,1
34392.838020,2,1000452,69,2404700,-1
34393.099692,1,1000653,41,2401400,-1
34393.164625,1,1000654,115,2400600,-1
34393.229796,1,1000655,285,2405200,-1
34393.573262,1,1000656,25,2402000,-1
34393.891411,1,1000657,88,2399000,1
34393.922239,5,1000658,281,2402100,-1
34393.951576,4,1000537,151,2401100,-1
34393.998924,1,1000659,56,2402700,-1
34394.303200,1,1000660,282,2399100,1
34394.527601,2,1000420,27,2400400,-1
34394.613293,1,1000661,280,2398300,1
34394.973543,1,1000662,278,2400800,-1
34395.143932,1,1000663,49,2398800,1
34395.749813,1,1000664,187,2399600,1
34395.785652,1,1000665,256,2400200,-1
34395.812582,1,1000666,229,2402400,-1
34395.931337,1,1000667,119,2402800,-1
34395.988528,4,1000235,100,2398400,1
34396.153144,1,1000668,151,2401400,-1
34396.715045,1,1000669,194,2402600,-1
34396.801117,4,1000142,30,2398800,1
34396.807051,1,1000670,236,2403000,-1
34397.251271,1,1000671,213,2397800,1
34398.155741,1,1000672,191,2401900,-1
34398.251303,1,1000673,233,2405200,-1
34398.359240,4,1000562,86,2402900,-1
34398.428844,3,1000569,78,2395300,1
34399.012726,1,1000674,289,2403100,-1
34399.815313,1,1000675,219,2400700,-1
34400.057067,1,1000676,200,2401900,-1
34400.596696,1,1000677,146,2399700,1
34400.745683,3,1000244,81,2402700,-1
34400.925475,1,1000678,183,2399700,1
34401.002325,1,1000679,122,2403200,-1
34401.116536,1,1000680,267,2399500,1
34401.140974,2,1000502,54,2398900,1
34401.265008,1,1000681,133,2398600,1
34401.473482,1,1000682,45,2402000,-1
34401.666802,1,1000683,156,2395800,1
34401.769697,1,1000684,63,2397100,1
34401.812637,5,1000685,40,2398800,1
34401.856268,1,1000686,25,2399400,1
34402.694051,1,1000687,210,2397600,1
34402.811161,2,1000619,104,2400900,-1
34403.066379,2,1000469,29,2400700,-1
34403.816819,2,1000638,100,2396300,1
34403.837894,1,1000688,124,2397800,1
34404.127041,1,1000689,246,2396300,1
34404.190140,2,1000337,40,2400100,-1
34404.236634,1,1000690,300,2399900,-1
34404.307615,1,1000691,160,2401000,-1
34404.372552,2,1000571,47,2403300,-1
34404.603174,2,1000575,6,2402500,-1
34405.295787,1,1000692,58,2403800,-1
34405.401939,4,1000589,38,2404900,-1
34405.407232,4,1000115,35,2400900,-1
34405.558952,1,1000693,130,2398400,1
34405.579990,1,1000694,293,2397900,1
34406.746737,1,1000695,117,2399200,1
34406.762247,2,1000546,84,2402700,-1
34406.788640,5,1000696,147,2401300,-1
34406.891218,1,1000697,262,2397100,1
34407.110387,5,1000698,77,2396100,1
34407.176251,1,1000699,255,2396800,1
34407.239924,1,1000700,49,2397100,1
34407.875281,1,1000701,229,2405100,-1
34408.059122,5,1000702,104,2405000,-1
34408.211208,1,1000703,57,2399400,1
34408.316783,2,1000550,6,2398400,1
34408.341950,2,1000251,103,2401500,-1
34408.351015,1,1000704,118,2399500,1
34409.385426,5,1000705,111,2398100,1
34409.465576,1,1000706,115,2398400,1
34409.732867,3,1000500,186,2400400,-1
34410.744852,3,1000435,190,2404900,-1
34411.196063,5,1000707,103,2400600,-1
34411.198389,1,1000708,124,2397000,1
34411.217109,1,1000709,245,2400800,-1
34411.244542,2,1000400,119,2400100,-1
34411.327785,3,1000018,99,2398900,1
34411.356526,1,1000710,179,2400200,-1
34411.426075,4,1000324,216,2401800,-1
34412.211912,1,1000711,125,2401000,-1
34412.460387,1,1000712,168,2400300,-1
34412.796485,4,1000703,43,2399400,1
34412.805439,1,1000713,233,2401300,-1
34413.396828,2,1000303,26,2399900,1
34413.842945,1,1000714,36,2400500,-1
34414.282705,1,1000715,254,2402800,-1
34414.520465,1,1000716,141,2397400,1
34414.863195,1,1000717,87,2398900,1
34415.381439,4,1000434,67,2401500,-1
34415.569667,1,1000718,147,2402300,-1
34415.650475,1,1000719,148,2395600,1
34415.661318,1,1000720,116,2399500,1
34415.958906,4,1000430,113,2400100,-1
34415.999097,1,1000721,107,2400900,-1
34416.309971,5,1000722,84,2398000,1
34416.343211,2,1000505,16,2397300,1
34416.388336,1,1000723,223,2403600,-1
34416.412474,4,1000181,226,2400800,-1
34416.604947,2,1000183,38,2401400,-1
34416.659064,4,1000143,62,2398400,1
34416.767732,2,1000480,83,2400800,-1
34416.960442,1,1000724,269,2402100,-1
34417.125006,1,1000725,218,2397800,1
34417.314198,1,1000726,141,2405400,-1
34417.556699,1,1000727,192,2397400,1
34417.675798,1,1000728,169,2399600,1
34417.827650,2,1000316,24,2398800,1
34418.056237,1,1000729,103,2399000,1
34418.259529,1,1000730,258,2394800,1
34418.353479,2,1000431,77,2398000,1
34418.672308,2,1000396,89,2403000,-1
34419.154620,2,1000494,19,2400400,-1
34419.375831,1,1000731,41,2399300,1
34419.499700,4,1000273,35,2399800,1
34419.526646,4,1000562,22,2402900,-1
34419.665871,5,1000732,137,2401300,-1
34419.771951,1,1000733,194,2400400,-1
34419.932768,5,1000734,160,2400200,-1
34420.263300,1,1000735,207,2398900,1
34420.719762,5,1000736,89,2398700,1
34420.795659,1,1000737,198,2397900,1
34421.271602,3,1000274,41,2400100,1
34421.531280,1,1000738,250,2401300,-1
34422.063934,3,1000389,109,2398200,1
34422.077226,3,1000358,168,2405400,-1
34422.100300,4,1000291,20,2405700,-1
34422.271786,2,1000566,78,2399200,1
34422.592301,3,1000665,256,2400200,-1
34422.631330,2,1000339,109,2401200,-1
34422.691685,2,1000606,60,2401100,-1
34423.018605,1,1000739,199,2400700,-1
34423.257417,2,1000178,43,2401900,-1
34423.893982,1,1000740,141,2400500,-1
34424.210153,4,1000675,141,2400700,-1
34424.302134,2,1000563,32,2394700,1
34424.424469,2,1000733,68,2400400,-1
34424.656791,2,1000253,110,2397900,1
34425.132554,1,1000741,275,2402000,-1
34425.326903,2,1000121,82,2399000,1
34425.708443,2,1000517,37,2397500,1
34425.790027,1,1000742,70,2402200,-1
34425.900132,2,1000165,41,2398300,1
34425.951374,2,1000288,101,2398800,1
34426.134202,2,1000444,29,2402700,-1
34426.433272,3,1000514,127,2399300,1
34426.663449,1,1000743,89,2396100,1
34426.703946,1,1000744,243,2398900,1
34426.766227,5,1000745,199,2400000,-1
34426.973686,3,1000664,187,2399600,1
34427.004000,1,1000746,144,2396200,1
34427.393230,1,1000747,260,2396300,1
34427.906793,3,1000404,288,2398200,1
34428.031549,5,1000748,51,2395300,1
34428.091037,4,1000704,37,2399500,1
34428.145226,4,1000715,54,2402800,-1
34428.575767,3,1000042,107,2396900,1
34428.766319,2,1000593,99,2401700,-1
34428.868994,1,1000749,102,2396600,1
34429.080745,5,1000750,32,2400400,-1
34429.089887,2,1000501,7,2401500,-1
34429.158370,1,1000751,173,2401500,-1
34429.631781,1,1000752,213,2394200,1
34430.054297,1,1000753,37,2401100,-1
34430.061258,1,1000754,121,2398200,1
34430.071813,1,1000755,20,2400800,-1
34430.115891,2,1000713,97,2401300,-1
34430.139873,2,1000475,28,2397000,1
34430.505814,1,1000756,261,2397300,1
34430.820158,3,1000695,117,2399200,1
34431.807155,2,1000628,19,2402400,-1
34432.249041,1,1000757,222,2396200,1
34432.420393,1,1000758,69,2402100,-1
34432.450394,1,1000759,44,2398300,1
34432.645683,4,1000388,118,2400300,-1
34432.694363,4,1000601,120,2398600,1
34433.586230,1,1000760,232,2400700,-1
34433.587686,5,1000761,186,2399100,1
34434.069415,1,1000762,112,2400700,-1
34434.419466,1,1000763,114,2400700,-1
34435.069438,1,1000764,228,2400200,-1
34435.292707,2,1000384,103,2401200,-1
34435.993690,1,1000765,266,2398800,1
34436.037845,1,1000766,41,2400400,-1
34436.148248,1,1000767,268,2401000,-1
34436.154459,1,1000768,241,2398400,1
34436.304711,3,1000308,64,2398600,1
34436.489490,2,1000600,140,2397900,1
34436.513806,4,1000709,52,2400800,-1
34436.624036,1,1000769,243,2398200,1
34436.714630,2,1000591,9,2399700,1
34437.154854,1,1000770,217,2403000,-1
34437.198852,1,1000771,209,2397100,1
34437.205096,1,1000772,259,2400200,-1
34437.529163,1,1000773,178,2400500,-1
34437.961287,1,1000774,166,2401100,-1
34438.632197,1,1000775,124,2396500,1
34438.856247,1,1000776,133,2394800,1
34438.927003,1,1000777,96,2397100,1
34439.339839,3,1000672,191,2401900,-1
34439.388215,1,1000778,167,2400200,-1
34439.937255,4,1000319,113,2397300,1
34440.145571,5,1000779,56,2401900,-1
34440.698443,3,1000159,105,2403400,-1
34440.946218,1,1000780,112,2397800,1
34441.059825,2,1000338,6,2402200,-1
34441.328952,1,1000781,73,2399600,1
34441.474368,1,1000782,243,2399100,1
34441.495327,1,1000783,246,2402400,-1
34441.823853,1,1000784,107,2403300,-1
34442.213413,2,1000357,86,2405100,-1
34442.330915,1,1000785,106,2403000,-1
34442.443199,4,1000209,79,2400800,-1
34442.549417,1,1000786,147,2401000,-1
34442.584733,4,1000701,204,2405100,-1
34442.655014,5,1000787,264,2400200,1
34442.809948,1,1000788,25,2399000,1
34443.075352,3,1000183,183,2401400,-1
34443.167295,4,1000409,146,2400500,-1
34443.428889,1,1000789,157,2398900,1
34443.447565,1,1000790,189,2405200,-1
34443.503519,1,1000791,292,2397700,1
34443.755024,1,1000792,157,2405300,-1
34443.920178,2,1000617,11,2399900,1
34444.096764,1,1000793,179,2401800,-1
34444.236528,2,1000642,17,2402500,-1
34444.757253,2,1000616,82,2399700,1
34444.843788,3,1000551,190,2400200,-1
34444.966223,4,1000542,77,2400600,-1
34445.157025,4,1000412,48,2400800,-1
34445.285268,1,1000794,66,2399000,1
34445.993185,1,1000795,120,2400100,1
34446.687468,4,1000525,68,2398700,1
34446.964823,3,1000706,115,2398400,1
34447.161590,1,1000796,118,2401800,-1
34447.267163,3,1000125,135,2403100,-1
34447.508520,4,1000382,81,2401000,-1
34447.613242,1,1000797,218,2402600,-1
34447.623428,4,1000180,122,2400100,-1
34447.832891,3,1000144,29,2404200,-1
34447.916642,4,1000171,153,2402200,-1
34447.924166,2,1000021,96,2396100,1
34448.645590,5,1000798,51,2396800,1
34449.070605,4,1000354,47,2396800,1
34449.150703,2,1000131,6,2401500,-1
34449.516044,2,1000346,48,2402000,-1
34450.338186,3,1000743,89,2396100,1
34450.369152,1,1000799,106,2402900,-1
34450.499827,1,1000800,184,2402200,-1
34450.525114,3,1000683,156,2395800,1
34451.126207,1,1000801,300,2398300,1
34451.456143,1,1000802,92,2399800,1
34451.457658,1,1000803,223,2397000,1
34451.648824,2,1000210,48,2401200,-1
34451.731306,5,1000804,251,2401000,-1
34451.858877,1,1000805,70,2398200,1
34451.883397,2,1000425,44,2398300,1
34452.105480,1,1000806,283,2402900,-1
34452.423030,1,1000807,214,2400000,1
34452.474970,2,1000646,104,2403900,-1
34452.875571,3,1000769,243,2398200,1
34453.064377,1,1000808,243,2402900,-1
34453.418739,3,1000273,18,2399800,1
34453.852519,1,1000809,132,2395100,1
34454.352558,2,1000590,66,2399100,1
34454.675883,1,1000810,165,2397200,1
34454.997948,1,1000811,288,2396900,1
34455.405831,2,1000499,55,2395800,1
34455.457160,3,1000044,63,2399600,-1
34455.495268,1,1000812,276,2404500,-1
34455.703224,1,1000813,231,2401400,-1
34455.990411,2,1000360,48,2396800,1
34456.196940,3,1000775,124,2396500,1
34456.257998,2,1000208,56,2400700,-1
34456.705367,2,1000380,74,2404800,-1
34457.002204,3,1000548,178,2403400,-1
34457.142281,4,1000584,76,2398400,1
34457.530101,4,1000607,85,2398700,1
34457.577905,1,1000814,83,2398600,1
34457.620013,2,1000115,8,2400900,-1
34458.050335,1,1000815,31,2402400,-1
34458.053075,5,1000816,280,2401900,-1
34458.174478,1,1000817,55,2399800,1
34458.311902,1,1000818,40,2402200,-1
34458.328693,1,1000819,108,2399000,1
34458.791286,1,1000820,225,2400000,1
34458.990970,1,1000821,178,2401200,-1
34459.007948,2,1000397,29,2397800,1
34459.036471,2,1000157,79,2400500,-1
34459.154663,1,1000822,205,2402100,-1
34459.177889,3,1000584,143,2398400,1
34459.234729,1,1000823,296,2403200,-1
34459.373316,1,1000824,105,2402300,-1
34459.877567,3,1000537,34,2401100,-1
34460.025362,4,1000024,52,2400000,-1
34460.090222,3,1000489,140,2403300,-1
34460.160394,1,1000825,94,2399600,1
34460.799157,2,1000008,31,2395500,1
34461.191006,1,1000826,226,2402000,-1
34461.318864,1,1000827,42,2398000,1
34461.620705,4,1000720,65,2399500,1
34461.685494,3,1000209,87,2400800,-1
34461.735510,4,1000717,51,2398900,1
34461.768263,3,1000162,165,2396500,1
34461.946306,4,1000202,41,2397600,1
34461.978493,1,1000828,154,2398100,1
34463.091626,3,1000623,127,2396200,1
34463.142435,3,1000427,274,2400500,-1
34463.230741,2,1000304,21,2398500,1
34463.474675,2,1000301,10,2403900,-1
34463.478557,3,1000669,194,2402600,-1
34463.952035,1,1000829,277,2398600,1
34463.987876,2,1000542,28,2400600,-1
34464.016858,2,1000181,5,2400800,-1
34464.154988,1,1000830,138,2400800,-1
34464.170046,2,1000433,43,2399300,1
34464.246448,2,1000727,37,2397400,1
34464.530917,1,1000831,224,2399800,1
34464.542243,4,1000405,17,2397000,1
34464.768922,4,1000236,218,2395000,1
34465.404125,1,1000832,225,2397000,1
34465.675281,1,1000833,37,2402000,-1
34466.030417,4,1000026,30,2404400,-1
34466.269040,2,1000055,73,2395700,1
34466.460752,5,1000834,271,2405400,-1
34466.519586,4,1000251,68,2401500,-1
34467.310601,3,1000578,295,2402400,-1
34467.501071,1,1000835,109,2405300,-1
34468.162942,3,1000324,13,2401800,-1
34468.354523,3,1000230,7,2400500,1
34468.648915,1,1000836,129,2398600,1
34468.653744,1,1000837,251,2398200,1
34468.743508,3,1000137,42,2394700,1
34469.001492,1,1000838,106,2398700,1
34469.131192,1,1000839,295,2398500,1
34469.248432,5,1000840,122,2402100,-1
34469.575810,1,1000841,122,2402600,-1
34469.735098,2,1000166,85,2398900,1
34469.832476,1,1000842,294,2400500,-1
34470.064910,1,1000843,239,2401400,-1
34470.146613,2,1000715,62,2402800,-1
34470.696942,1,1000844,126,2396700,1
34470.754532,3,1000360,31,2396800,1
34470.983670,3,1000718,147,2402300,-1
34471.167936,5,1000845,23,2400500,-1
34471.228798,4,1000654,98,2400600,-1
34471.734751,2,1000240,92,2403900,-1
34471.901519,1,1000846,251,2405500,-1
34472.882131,5,1000847,224,2394800,1
34472.894385,2,1000682,13,2402000,-1
34472.973657,1,1000848,227,2398800,1
34473.312396,2,1000838,62,2398700,1
34473.468147,1,1000849,258,2404600,-1
34473.839228,1,1000850,164,2398300,1
34473.888255,1,1000851,140,2400500,-1
34474.209944,1,1000852,225,2401600,-1
34474.462135,1,1000853,148,2399500,1
34474.652251,2,1000400,23,2400100,-1
34474.880744,1,1000854,217,2400200,-1
34475.213226,2,1000425,20,2398300,1
34475.437502,1,1000855,23,2398900,1
34475.750628,3,1000689,246,2396300,1
34475.780539,1,1000856,248,2401400,-1
34475.808354,2,1000571,27,2403300,-1
34476.667814,3,1000099,49,2398300,1
34476.786241,1,1000857,259,2397000,1
34477.120748,1,1000858,108,2404800,-1
34477.391100,3,1000588,224,2395100,1
34477.746511,1,1000859,117,2400600,-1
34477.952859,3,1000581,273,2400500,-1
34478.194423,1,1000860,221,2399000,1
34478.285208,1,1000861,244,2403400,-1
34478.668341,2,1000616,70,2399700,1
34478.928634,1,1000862,141,2403200,-1
34479.177601,1,1000863,275,2400300,-1
34479.182891,1,1000864,252,2398700,1
34479.366523,2,1000337,42,2400100,-1
34479.449334,2,1000050,16,2398500,1
34479.513088,3,1000458,83,2398400,1
34479.703847,3,1000288,108,2398800,1
34479.841675,1,1000865,258,2400900,-1
34479.884348,1,1000866,182,2395500,1
34479.976266,1,1000867,139,2402700,-1
34479.978792,4,1000198,180,2400400,-1
34480.099333,3,1000829,277,2398600,1
34480.141376,1,1000868,128,2398500,1
34480.241687,1,1000869,146,2400700,-1
34480.265485,1,1000870,272,2399900,-1
34480.333420,1,1000871,151,2404800,-1
34480.379881,3,1000635,284,2402000,-1
34480.385865,1,1000872,105,2398300,1
34480.498159,1,1000873,130,2397200,1
34480.558742,1,1000874,178,2399500,1
34481.782209,1,1000875,117,2403900,-1
34482.141945,4,1000442,22,2400800,-1
34482.388160,5,1000876,34,2399100,1
34482.726590,5,1000877,128,2399000,1
34482.941763,1,1000878,287,2402000,-1
34483.177335,1,1000879,149,2400500,-1
34483.230103,1,1000880,90,2400600,-1
34483.431599,4,1000704,71,2399500,1
34483.593942,1,1000881,48,2399000,1
34483.847836,1,1000882,183,2397000,1
34484.304896,4,1000502,194,2398900,1
34484.742898,3,1000151,40,2398900,1
34484.860179,1,1000883,173,2397600,1
34485.070073,1,1000884,64,2400200,-1
34485.739076,1,1000885,124,2401300,-1
34486.032090,3,1000654,17,2400600,-1
34486.098981,1,1000886,285,2400800,-1
34486.971191,1,1000887,131,2399600,1
34487.135647,2,1000405,7,2397000,1
34487.473522,3,1000379,150,2400800,-1
34487.954024,1,1000888,56,2399300,1
34488.409317,1,1000889,165,2398300,1
34488.416194,1,1000890,152,2398700,1
34488.739087,1,1000891,192,2399300,1
34489.248825,1,1000892,261,2395800,1
34489.369735,1,1000893,131,2401500,-1
34489.381817,1,1000894,86,2399100,1
34489.794675,2,1000465,26,2399900,-1
34490.308335,2,1000103,63,2399400,1
34490.484696,1,1000895,55,2399300,1
34490.716403,1,1000896,203,2399300,1
34490.743405,1,1000897,300,2400200,-1
34490.832141,2,1000675,13,2400700,-1
34490.911797,1,1000898,261,2401500,-1
34490.943070,1,1000899,138,2399200,1
34491.193030,5,1000900,65,2396900,1
34491.223435,1,1000901,46,2401400,-1
34491.534384,1,1000902,272,2396900,1
34491.637736,1,1000903,129,2404100,-1
34491.687178,1,1000904,109,2397000,1
34491.806469,4,1000849,108,2404600,-1
34491.843686,1,1000905,143,2399300,1
34492.576784,5,1000906,206,2399900,1
34492.864408,2,1000851,48,2400500,-1
34492.967220,2,1000454,109,2399400,-1
34492.994091,1,1000907,298,2398100,1
34493.121618,1,1000908,183,2403400,-1
34493.228974,4,1000421,31,2398700,1
34493.976998,2,1000252,41,2401700,-1
34494.692517,4,1000899,112,2399200,1
34495.048010,2,1000198,27,2400400,-1
34495.621795,3,1000267,41,2404700,-1
34495.651623,3,1000275,98,2405900,-1
34495.827802,1,1000909,258,2403200,-1
34495.840898,1,1000910,94,2403700,-1
34496.222142,1,1000911,183,2402600,-1
34496.442546,4,1000011,21,2401200,-1
34497.202252,1,1000912,140,2398600,1
34497.345956,3,1000622,264,2399900,1
34497.885581,1,1000913,175,2395200,1
34498.291938,2,1000004,86,2399400,1
34498.512656,1,1000914,242,2399500,1
34498.520917,2,1000286,38,2402500,-1
34498.578872,1,1000915,109,2402400,-1
34498.654623,1,1000916,158,2401300,-1
34498.815752,1,1000917,222,2402500,-1
34499.360924,1,1000918,123,2399400,1
34499.364549,2,1000313,48,2398800,1
34499.808215,1,1000919,122,2401800,-1
34500.070178,2,1000657,26,2399000,1
34500.336177,1,1000920,80,2403700,-1
34500.367964,1,1000921,239,2397900,1
34500.671992,2,1000140,5,2396000,1
34500.813887,3,1000204,76,2401800,-1
34500.879522,4,1000310,87,2402600,-1
34501.143070,2,1000914,66,2399500,1
34501.230030,2,1000493,3,2405400,-1
34501.575483,1,1000922,60,2405200,-1
34501.667446,2,1000325,20,2397900,1
34501.803547,1,1000923,261,2403700,-1
34502.198444,4,1000439,42,2400200,-1
34502.333836,2,1000421,18,2398700,1
34502.445152,1,1000924,122,2405400,-1
34502.604158,2,1000752,37,2394200,1
34502.605448,4,1000094,108,2395700,1
34502.719378,1,1000925,280,2396000,1
34502.796085,1,1000926,242,2402500,-1
34502.805108,1,1000927,143,2401900,-1
34502.885564,5,1000928,104,2403700,-1
34502.988732,2,1000286,19,2402500,-1
34503.141701,1,1000929,107,2401100,-1
34503.961447,1,1000930,189,2400200,1
34503.980022,4,1000320,53,2400500,-1
34504.030733,2,1000638,69,2396300,1
34504.459264,1,1000931,121,2399700,1
34504.593260,1,1000932,188,2401200,-1
34505.213860,5,1000933,86,2402100,-1
34505.373469,2,1000066,120,2400800,-1
34505.505388,1,1000934,109,2398900,1
34505.632627,1,1000935,91,2397500,1
34505.893568,1,1000936,200,2402800,-1
34506.570904,1,1000937,123,2401500,-1
34506.594191,2,1000647,73,2398900,1
34506.624687,2,1000807,99,2400000,1
34506.646369,3,1000277,191,2401300,-1
34506.857965,4,1000608,135,2400800,-1
34506.876449,4,1000454,27,2399400,-1
34506.907796,1,1000938,236,2402400,-1
34507.075938,4,1000733,56,2400400,-1
34507.198037,2,1000881,27,2399000,1
34507.305868,3,1000072,177,2396100,1
34507.610077,1,1000939,80,2398500,1
34507.666735,2,1000291,10,2405700,-1
34507.684868,2,1000629,66,2401200,-1
34507.970644,4,1000857,238,2397000,1
34508.344944,2,1000368,32,2405400,-1
34508.595444,1,1000940,84,2402500,-1
34508.671395,4,1000235,8,2398400,1
34508.877889,1,1000941,103,2400900,-1
34508.885235,3,1000818,40,2402200,-1
34508.893386,3,1000498,196,2401200,-1
34509.034631,5,1000942,134,2401600,-1
34510.406616,1,1000943,259,2404700,-1
34510.479581,1,1000944,233,2397300,1
34510.708318,1,1000945,26,2401400,-1
34511.138510,4,1000378,70,2400700,-1
34511.519881,1,1000946,137,2398400,1
34511.587545,2,1000343,10,2401700,-1
34511.676804,3,1000245,285,2403000,-1
34512.354146,3,1000694,293,2397900,1
34512.362143,3,1000102,72,2401300,-1
34512.637291,1,1000947,31,2398300,1
34512.922761,1,1000948,68,2399600,1
34513.791036,4,1000181,24,2400800,-1
34513.912265,4,1000097,140,2401600,-1
34514.783288,2,1000795,23,2400100,1
34514.813652,5,1000949,62,2401300,-1
34514.815875,2,1000328,65,2402600,-1
34514.856076,4,1000709,78,2400800,-1
34515.045814,1,1000950,199,2397000,1
34515.054191,2,1000494,12,2400400,-1
34515.238823,1,1000951,97,2399100,1
34515.759448,2,1000837,144,2398200,1
34516.339007,5,1000952,162,2396900,1
34516.379548,1,1000953,124,2400500,-1
34516.514741,1,1000954,252,2399600,1
34516.721064,2,1000684,33,2397100,1
34516.811341,1,1000955,212,2401700,-1
34517.042528,3,1000677,146,2399700,1
34517.201713,2,1000655,158,2405200,-1
34517.498395,1,1000956,24,2398600,1
34517.803172,5,1000957,32,2401100,-1
34517.912630,4,1000047,9,2398200,1
34518.172827,1,1000958,261,2400800,-1
34518.261510,2,1000598,24,2398600,1
34518.292765,1,1000959,132,2401400,-1
34518.380874,1,1000960,207,2400100,1
34518.398561,3,1000232,128,2398900,1
34518.544209,3,1000025,98,2400800,-1
34518.822852,2,1000666,64,2402400,-1
34519.023152,3,1000785,106,2403000,-1
34519.595281,1,1000961,262,2402800,-1
34519.762623,2,1000603,130,2401300,-1
34520.423757,3,1000176,187,2394200,1
34520.468166,4,1000563,20,2394700,1
34521.705286,3,1000922,60,2405200,-1
34522.198797,1,1000962,187,2399300,1
34522.400488,3,1000374,110,2394700,1
34522.500935,1,1000963,164,2400400,-1
34523.091897,4,1000201,9,2401200,-1
34523.152596,5,1000964,20,2400300,-1
34523.277503,4,1000336,7,2398300,1
34524.010403,2,1000425,25,2398300,1
34524.039753,1,1000965,203,2398700,1
34524.149506,5,1000966,299,2403400,-1
34524.333571,2,1000508,157,2400400,-1
34524.533594,4,1000821,77,2401200,-1
34524.759797,4,1000774,47,2401100,-1
34525.245589,1,1000967,264,2398700,1
34525.366473,2,1000391,37,2401300,-1
34525.407180,3,1000377,176,2397000,1
34525.466842,1,1000968,30,2402100,-1
34525.519215,3,1000235,3,2398400,1
34525.583214,1,1000969,282,2398800,1
34525.721970,4,1000905,128,2399300,1
34526.686972,1,1000970,286,2398500,1
34526.962594,4,1000803,206,2397000,1
34527.661662,1,1000971,39,2404500,-1
34527.760617,4,1000645,58,2403300,-1
34527.851862,2,1000686,3,2399400,1
34527.933809,5,1000972,280,2395900,1
34528.204450,1,1000973,172,2398500,1
34528.219947,2,1000875,35,2403900,-1
34528.267061,2,1000831,41,2399800,1
34528.618919,2,1000490,62,2402800,-1
34528.743505,1,1000974,38,2398300,1
34529.009660,2,1000563,6,2394700,1
34529.090580,2,1000752,94,2394200,1
34529.365006,3,1000809,132,2395100,1
34529.543180,5,1000975,74,2395400,1
34529.704789,1,1000976,271,2399700,-1
34529.745415,1,1000977,188,2399800,-1
34529.970293,2,1000862,34,2403200,-1
34529.999774,3,1000314,13,2400600,-1
34530.133277,1,1000978,292,2400100,-1
34530.304180,4,1000751,151,2401500,-1
34530.798429,2,1000165,61,2398300,1
34531.571694,2,1000652,21,2398500,1
34531.776785,1,1000979,21,2402100,-1
34531.936162,1,1000980,228,2398200,1
34532.340672,1,1000981,206,2401100,-1
34532.833474,3,1000764,228,2400200,-1
34532.988828,2,1000320,16,2400500,-1
34533.127884,4,1000953,121,2400500,-1
34533.668823,3,1000555,241,2399400,1
34534.337853,4,1000426,120,2399100,1
34534.529128,1,1000982,241,2403900,-1
34534.854314,3,1000887,131,2399600,1
34535.157945,3,1000154,129,2404400,-1
34535.416527,1,1000983,274,2399900,-1
34535.622980,1,1000984,59,2402600,-1
34535.687974,1,1000985,184,2399900,-1
34535.777487,4,1000815,10,2402400,-1
34535.936629,3,1000726,141,2405400,-1
34535.957191,1,1000986,63,2398000,1
34535.998785,2,1000720,20,2399500,1
34536.080973,1,1000987,144,2402200,-1
34536.269513,4,1000760,205,2400700,-1
34536.400181,2,1000263,150,2406000,-1
34537.100733,4,1000762,112,2400700,-1
34537.553149,2,1000402,73,2398500,1
34537.613911,2,1000121,38,2399000,1
34537.652393,4,1000241,154,2403200,-1
34537.684337,3,1000061,17,2398400,1
34537.718302,4,1000576,37,2405000,-1
34537.977387,1,1000988,78,2404300,-1
34538.073641,3,1000930,189,2400200,1
34538.325328,4,1000751,12,2401500,-1
34538.327084,1,1000989,205,2396300,1
34538.351381,2,1000168,69,2400300,-1
34538.369751,2,1000525,13,2398700,1
34538.497038,5,1000990,80,2398700,1
34538.572444,1,1000991,152,2398600,1
34538.578497,2,1000082,43,2394900,1
34538.643759,2,1000304,8,2398500,1
34538.709405,1,1000992,278,2400400,-1
34538.710644,1,1000993,201,2400100,-1
34538.738024,4,1000811,131,2396900,1
34539.137174,1,1000994,262,2397500,1
34539.237981,4,1000617,6,2399900,1
34539.274947,2,1000959,34,2401400,-1
34539.286755,1,1000995,115,2401100,-1
34539.478702,1,1000996,290,2397100,1
34539.681092,3,1000420,23,2400400,-1
34539.723170,1,1000997,234,2397900,1
34540.279399,2,1000488,119,2400700,-1
34540.476336,4,1000771,201,2397100,1
34540.509311,1,1000998,167,2398900,1
34540.675656,1,1000999,187,2400300,-1
34541.065115,1,1001000,71,2400500,-1
34541.166918,3,1000675,65,2400700,-1
34541.298058,4,1000366,69,2394800,1
34541.521043,4,1000141,27,2400900,-1
34541.569398,1,1001001,54,2398800,1
34542.047662,2,1000217,24,2402200,-1
34542.385254,2,1000410,61,2398600,1
34542.444873,3,1000103,162,2399400,1
34542.449797,1,1001002,246,2398700,1
34542.471945,1,1001003,299,2398300,1
34542.517785,4,1000667,27,2402800,-1
34542.843954,1,1001004,96,2397800,1
34542.898623,3,1000395,45,2400700,-1
34542.922142,4,1000031,34,2398200,1
34543.387863,4,1000958,241,2400800,-1
34543.397309,2,1000880,38,2400600,-1
34543.461375,4,1000384,174,2401200,-1
34543.510582,1,1001005,116,2404600,-1
34543.676989,4,1000528,103,2401000,-1
34543.883823,4,1000982,63,2403900,-1
34544.017327,2,1000031,15,2398200,1
34544.243005,2,1000646,55,2403900,-1
34544.267709,1,1001006,280,2400100,-1
34544.760209,4,1000955,111,2401700,-1
34545.268296,2,1000470,9,2394600,1
34545.406794,2,1000148,86,2395600,1
34545.595319,2,1000493,7,2405400,-1
34545.682163,1,1001007,69,2399900,-1
34545.768258,1,1001008,37,2400200,-1
34546.128784,3,1000586,30,2399700,1
34546.208208,4,1000619,58,2400900,-1
34546.488636,4,1000339,83,2401200,-1
34546.759627,5,1001009,277,2402600,-1
34547.103793,1,1001010,122,2399100,1
34547.200042,1,1001011,194,2397200,1
34547.203783,3,1000585,288,2401000,-1
34547.370256,2,1000463,13,2399800,-1
34547.424565,2,1000357,39,2405100,-1
34547.433042,1,1001012,28,2399000,1
34547.497739,3,1000918,123,2399400,1
34547.704627,1,1001013,49,2400500,-1
34547.723177,3,1000451,219,2398600,1
34547.799825,3,1000142,55,2398800,1
34548.167664,1,1001014,222,2403500,-1
34548.362713,1,1001015,221,2400500,-1
34548.656939,3,1000645,148,2403300,-1
34548.938979,3,1000639,263,2402800,-1
34549.080234,1,1001016,43,2401300,-1
34549.427560,2,1000340,63,2398800,1
34549.816523,1,1001017,190,2395100,1
34550.813500,3,1000375,253,2398000,1
34550.832337,4,1000892,144,2395800,1
34550.997512,2,1000541,61,2401200,-1
34551.027508,3,1000884,64,2400200,-1
34551.153885,2,1000013,8,2400100,-1
34551.614869,4,1000783,152,2402400,-1
34551.947719,1,1001018,178,2401700,-1
34552.117321,2,1000140,10,2396000,1
34552.287203,3,1000317,150,2401100,-1
34552.410350,4,1000740,53,2400500,-1
34552.438623,4,1000690,103,2399900,-1
34552.780485,3,1000402,207,2398500,1
34553.114194,2,1000539,16,2399600,1
34553.218085,2,1000268,6,2399200,1
34553.557566,4,1000956,14,2398600,1
34553.718248,1,1001019,80,2399600,1
34554.044812,2,1000813,120,2401400,-1
34554.809524,2,1000713,15,2401300,-1
34555.076852,1,1001020,40,2400100,1
34555.394191,3,1000085,159,2398800,1
34555.395037,1,1001021,65,2399500,1
34555.480803,2,1000385,48,2399000,1
34555.612599,2,1000915,61,2402400,-1
34555.904226,1,1001022,192,2400100,1
34556.051962,2,1000408,46,2403000,-1
34556.146265,1,1001023,225,2401300,-1
34556.290208,2,1000520,24,2398600,1
34556.622235,2,1000291,28,2405700,-1
34556.766535,2,1000453,11,2402200,-1
34557.074955,3,1000749,102,2396600,1
34557.274362,1,1001024,240,2398600,1
34557.461161,2,1000894,37,2399100,1
34557.649348,1,1001025,123,2399000,1
34557.746615,1,1001026,186,2399200,1
34558.112323,1,1001027,190,2400900,-1
34558.308338,2,1000999,40,2400300,-1
34558.588597,1,1001028,28,2402600,-1
34558.851663,1,1001029,228,2402700,-1
34558.877010,4,1000503,117,2399400,1
34558.932066,1,1001030,81,2401500,-1
34559.177230,2,1000224,12,2399300,1
34559.303061,4,1000727,112,2397400,1
34559.414438,4,1000661,114,2398300,1
34559.704014,3,1000278,67,2405500,-1
34559.831990,2,1000251,1,2401500,-1
34559.878478,2,1000246,109,2402100,-1
34559.992842,2,1000260,123,2398300,1
34560.062836,2,1000295,17,2400000,1
34560.758273,5,1001031,168,2398500,1
34560.847848,1,1001032,245,2397800,1
34560.988196,4,1000991,133,2398600,1
34561.055588,1,1001033,27,2395200,1
34561.420830,4,1000965,57,2398700,1
34561.432705,1,1001034,231,2398500,1
34561.456644,1,1001035,123,2399700,1
34561.504403,3,1000172,216,2398600,1
34561.566806,1,1001036,146,2401500,-1
34561.744919,1,1001037,80,2401600,-1
34561.998575,1,1001038,191,2401300,-1
34562.087317,1,1001039,293,2398400,1
34562.245916,4,1000483,190,2397600,1
34562.254757,2,1000991,9,2398600,1
34562.265222,1,1001040,158,2398300,1
34562.354749,1,1001041,190,2401000,-1
34562.470259,3,1000398,62,2394400,1
34562.948474,1,1001042,120,2402200,-1
34562.984519,1,1001043,123,2404600,-1
34563.089648,3,1000703,14,2399400,1
34563.399341,3,1000853,148,2399500,1
34563.544901,4,1000370,148,2398500,1
34563.633558,5,1001044,184,2400500,-1
34564.431668,3,1000031,42,2398200,1
34564.438517,1,1001045,30,2402900,-1
34564.620888,1,1001046,255,2402200,-1
34564.740012,3,1000870,272,2399900,-1
34564.845718,1,1001047,235,2399800,1
34565.073355,4,1000095,51,2399100,1
34565.251965,3,1000027,111,2397900,1
34565.346215,3,1000610,218,2400000,1
34565.498839,3,1000903,129,2404100,-1
34565.675628,4,1000983,253,2399900,-1
34565.748574,1,1001048,290,2405300,-1
34566.059059,4,1000200,110,2401900,-1
34566.281091,2,1001023,59,2401300,-1
34566.762136,3,1000414,34,2396700,1
34567.424622,1,1001049,121,2400900,-1
34567.622815,3,1000313,232,2398800,1
34567.649257,1,1001050,267,2400800,-1
34567.771205,2,1000833,16,2402000,-1
34567.787842,2,1000469,15,2400700,-1
34567.839934,4,1000875,46,2403900,-1
34568.117828,2,1000017,16,2402300,-1
34568.579223,3,1000982,178,2403900,-1
34568.622118,1,1001051,290,2395900,1
34569.808891,1,1001052,88,2396700,1
34569.929811,2,1000663,16,2398800,1
34570.130637,3,1000692,58,2403800,-1
34570.230631,1,1001053,237,2400500,-1
34570.328854,2,1000253,55,2397900,1
34570.355385,1,1001054,287,2401300,-1
34570.462320,4,1000457,31,2399900,-1
34571.113993,1,1001055,126,2399300,1
34571.268664,4,1000155,73,2404800,-1
34571.639259,4,1000202,10,2397600,1
34572.472896,1,1001056,46,2398300,1
34572.750986,1,1001057,240,2404200,-1
34573.156208,3,1000463,37,2399800,-1
34573.238282,4,1000872,82,2398300,1
34573.246533,2,1000490,118,2402800,-1
34573.310147,3,1000529,40,2400800,-1
34573.724074,5,1001058,31,2401200,-1
34573.770895,4,1000979,11,2402100,-1
34574.020094,4,1000984,53,2402600,-1
34574.267384,4,1000973,167,2398500,1
34574.562721,2,1000013,10,2400100,-1
34574.598994,1,1001059,161,2397600,1
34574.665330,4,1001028,6,2402600,-1
34574.983136,1,1001060,28,2401800,-1
34575.131542,1,1001061,179,2401300,-1
34575.428227,4,1000088,117,2404000,-1
34575.683472,2,1000220,119,2400700,-1
34575.714872,1,1001062,221,2401900,-1
34575.788331,1,1001063,48,2402400,-1
34576.042601,4,1000938,60,2402400,-1
34576.815545,1,1001064,217,2403100,-1
34576.879278,1,1001065,52,2395000,1
34577.019088,1,1001066,298,2401200,-1
34577.186627,1,1001067,265,2402800,-1
34577.950603,1,1001068,164,2399100,1
34578.132226,1,1001069,190,2400200,-1
34578.251027,1,1001070,299,2403100,-1
34578.582836,1,1001071,143,2401000,-1
34579.021667,1,1001072,38,2396900,1
34579.362379,2,1000902,63,2396900,1
34579.955683,1,1001073,96,2401100,-1
34580.131560,4,1000632,184,2396100,1
34580.293653,4,1000849,55,2404600,-1
34580.397887,2,1000518,12,2400700,-1
34580.709303,2,1000331,124,2399600,1
34580.811533,4,1000911,46,2402600,-1
34580.870046,4,1000253,49,2397900,1
34581.441169,5,1001074,260,2398800,1
34581.789368,2,1000780,35,2397800,1
34581.827773,2,1000421,13,2398700,1
34582.212086,5,1001075,231,2401500,-1
34582.336395,1,1001076,27,2400100,-1
34582.560989,1,1001077,128,2400400,-1
34582.589953,5,1001078,227,2398100,1
34582.678209,3,1000457,117,2399900,-1
34582.986862,2,1000657,21,2399000,1
34583.263261,4,1000028,9,2402100,-1
34583.288416,4,1000089,70,2401300,-1
34583.416063,2,1000482,131,2403000,-1
34583.789604,4,1000184,17,2394600,1
34583.850433,1,1001079,208,2399600,1
34583.954263,5,1001080,140,2401100,-1
34584.382477,3,1000210,233,2401200,-1
34584.872987,1,1001081,279,2402700,-1
34585.552116,1,1001082,43,2400600,-1
34586.074795,1,1001083,283,2398300,1
34586.163542,1,1001084,223,2394700,1
34586.260161,2,1000001,116,2404300,-1
34586.262086,2,1000020,24,2395800,1
34586.308522,4,1000447,203,2400000,-1
34586.375831,4,1000815,20,2402400,-1
34586.954114,4,1000223,99,2402300,-1
34587.414576,1,1001085,150,2404700,-1
34587.547241,2,1001057,100,2404200,-1
34587.631174,1,1001086,89,2401000,-1
34587.829382,4,1000311,16,2402500,-1
34588.334811,1,1001087,281,2400500,-1
34588.477634,1,1001088,77,2402900,-1
34589.146011,5,1001089,167,2394600,1
34589.551186,2,1000495,117,2400700,-1
34589.745888,2,1001050,140,2400800,-1
34589.765086,1,1001090,135,2397500,1
34590.166996,1,1001091,123,2394500,1
34590.554711,1,1001092,194,2398900,1
34590.761902,3,1000714,36,2400500,-1
34590.862765,5,1001093,234,2400300,-1
34590.913679,2,1000721,52,2400900,-1
34591.297518,1,1001094,246,2400900,-1
34592.125347,1,1001095,136,2395400,1
34592.243220,3,1000828,154,2398100,1
34592.450509,2,1000826,104,2402000,-1
34594.625363,2,1000372,26,2396400,1
34594.815156,1,1001096,81,2398800,1
34594.903021,1,1001097,266,2394200,1
34595.104814,1,1001098,199,2400300,-1
34595.294171,1,1001099,147,2396600,1
34595.568411,1,1001100,228,2398700,1
34595.798401,4,1000566,22,2399200,1
34596.032141,1,1001101,206,2399000,1
34596.482384,2,1000429,52,2394400,1
34596.510469,1,1001102,177,2394300,1
34596.586609,4,1000466,34,2401800,-1
34596.697415,1,1001103,169,2397800,1
34596.733266,1,1001104,233,2401300,-1
34597.095773,2,1000875,20,2403900,-1
34597.308221,2,1000679,42,2403200,-1
34597.322855,4,1000753,35,2401100,-1
34597.455085,2,1000931,57,2399700,1
34597.496339,3,1000771,8,2397100,1
34597.715740,3,1000249,29,2405100,-1
34597.863724,3,1000554,47,2400600,-1
34597.872869,4,1000781,22,2399600,1
34598.031824,2,1000478,50,2401700,-1
34598.562580,4,1000837,30,2398200,1
34598.687762,1,1001105,192,2398400,1
34599.035981,3,1000331,144,2399600,1
34599.126043,4,1000970,127,2398500,1
34599.383788,2,1000041,75,2397800,1
34599.443797,1,1001106,114,2398700,1
34599.936974,4,1000443,144,2396300,1
34600.238469,3,1000618,295,2404700,-1
34600.556907,1,1001107,143,2399000,1
34600.591626,1,1001108,63,2398200,1
34600.789109,3,1000190,22,2396500,1
34601.885013,3,1000989,205,2396300,1
34601.983884,1,1001109,88,2399100,1
34602.581590,1,1001110,188,2398600,1
34602.603558,1,1001111,127,2398500,1
34602.676818,1,1001112,132,2398800,1
34602.868441,1,1001113,75,2398500,1
34602.919525,2,1001013,10,2400500,-1
34603.160968,2,1000481,26,2401000,-1
34604.002566,3,1000784,107,2403300,-1
34604.004657,1,1001114,251,2398400,1
34604.040149,1,1001115,280,2401100,-1
34604.464678,2,1000123,34,2396100,1
34604.852471,1,1001116,271,2398600,1
34604.862681,4,1000465,96,2399900,-1
34605.021530,3,1000208,74,2400700,-1
34605.140347,1,1001117,229,2402000,-1
34605.196267,3,1000980,228,2398200,1
34605.581629,1,1001118,53,2402500,-1
34605.673092,2,1000013,2,2400100,-1
34605.729429,1,1001119,89,2400000,-1
34605.785874,1,1001120,185,2400700,-1
34605.835712,1,1001121,65,2394200,1
34606.021185,1,1001122,119,2399100,1
34606.065219,2,1000719,78,2395600,1
34606.208149,2,1000594,33,2399200,1
34606.237152,3,1000674,289,2403100,-1
34606.804525,3,1000587,223,2404700,-1
34607.388344,2,1000148,48,2395600,1
34607.539691,4,1000723,114,2403600,-1
34607.732833,4,1000737,111,2397900,1
34607.761653,1,1001123,274,2403500,-1
34608.075097,1,1001124,102,2399500,1
34608.116569,3,1000820,225,2400000,1
34608.407699,4,1000196,25,2395900,1
34608.501392,3,1000915,48,2402400,-1
34608.952944,3,1000950,199,2397000,1
34609.045511,2,1000794,26,2399000,1
34609.601241,4,1001043,80,2404600,-1
34610.108441,4,1000616,81,2399700,1
34610.310781,1,1001125,88,2399000,1
34610.326441,2,1000945,15,2401400,-1
34610.397505,3,1000297,129,2396700,1
34610.661720,4,1000875,7,2403900,-1
34610.886978,3,1001006,280,2400100,-1
34611.035193,1,1001126,41,2399100,1
34611.571888,1,1001127,135,2402400,-1
34611.591019,1,1001128,120,2397600,1
34611.801088,1,1001129,184,2398700,1
34611.896740,4,1000220,100,2400700,-1
34611.897111,4,1000038,95,2398600,1
34612.295802,2,1000156,128,2398800,1
34612.445200,1,1001130,270,2400800,-1
34612.618901,1,1001131,226,2397100,1
34612.923057,1,1001132,44,2401400,-1
34613.629684,1,1001133,87,2403800,-1
34613.761344,1,1001134,209,2402900,-1
34614.168913,3,1000438,279,2402800,-1
34614.261598,4,1000997,48,2397900,1
34614.370804,1,1001135,183,2400100,-1
34614.457586,1,1001136,205,2401200,-1
34614.492137,1,1001137,20,2400800,-1
34615.011995,4,1000419,84,2399200,1
34615.182087,4,1000931,20,2399700,1
34616.150413,4,1000381,198,2401000,-1
34616.508087,4,1000735,145,2398900,1
34616.600147,2,1000217,6,2402200,-1
34616.763170,1,1001138,284,2402700,-1
34617.075415,1,1001139,183,2403100,-1
34617.394212,2,1000444,18,2402700,-1
34617.526148,3,1000005,70,2401600,-1
34617.692205,3,1000063,279,2400900,-1
34617.862750,2,1000257,143,2401500,-1
34618.501666,2,1000863,92,2400300,-1
34618.745110,4,1001037,67,2401600,-1
34619.057554,4,1001104,92,2401300,-1
34619.595246,1,1001140,131,2401500,-1
34619.941530,1,1001141,252,2399400,1
34620.018923,2,1000520,28,2398600,1
34620.057090,2,1001112,52,2398800,1
34620.140817,2,1000710,78,2400200,-1
34620.239732,2,1000842,42,2400500,-1
34620.410698,2,1001035,48,2399700,1
34620.575016,5,1001142,27,2399900,1
34620.766520,1,1001143,214,2399400,1
34621.065866,3,1000111,222,2398900,1
34621.175689,1,1001144,229,2404100,-1
34621.399329,3,1000236,1,2395000,1
34621.481302,1,1001145,92,2401300,-1
34621.879862,5,1001146,222,2401600,-1
34622.061193,2,1000582,119,2398300,1
34622.179552,3,1000528,168,2401000,-1
34622.254661,3,1000521,163,2404300,-1
34622.604069,3,1000812,276,2404500,-1
34622.919712,1,1001147,64,2399200,1
34623.643436,4,1000725,195,2397800,1
34623.759919,3,1000191,14,2404100,-1
34623.869942,1,1001148,260,2399200,1
34623.979960,2,1000815,1,2402400,-1
34624.367370,1,1001149,290,2403600,-1
34625.034697,5,1001150,252,2398800,1
34625.054557,1,1001151,293,2400600,-1
34625.631799,2,1000859,50,2400600,-1
34625.741147,1,1001152,101,2396800,1
34625.831332,2,1000724,110,2402100,-1
34626.082381,3,1000526,177,2400600,-1
34626.133748,1,1001153,203,2398200,1
34626.169835,2,1000653,17,2401400,-1
34626.268846,1,1001154,55,2400600,-1
34626.549461,1,1001155,46,2399500,1
34626.586338,3,1000711,125,2401000,-1
34626.600961,3,1001081,279,2402700,-1
34626.967389,2,1000430,36,2400100,-1
34627.072328,5,1001156,98,2401800,-1
34627.199654,1,1001157,22,2399900,-1
34627.213626,4,1000466,18,2401800,-1
34627.771762,1,1001158,218,2396900,1
34628.290271,5,1001159,54,2396400,1
34628.573247,4,1000710,47,2400200,-1
34628.962799,1,1001160,111,2396000,1
34628.964827,1,1001161,132,2400600,-1
34628.997170,5,1001162,159,2399000,1
34629.890144,1,1001163,24,2401200,-1
34629.937411,2,1000864,94,2398700,1
34630.066141,4,1000280,26,2401600,-1
34630.117949,2,1000589,49,2404900,-1
34630.299606,1,1001164,274,2400300,-1
34630.303408,1,1001165,92,2398400,1
34630.305409,2,1000557,22,2394400,1
34630.356563,4,1000171,10,2402200,-1
34630.360003,1,1001166,163,2401200,-1
34630.564057,3,1000432,234,2400300,-1
34630.740042,1,1001167,280,2404800,-1
34630.798884,5,1001168,175,2404900,-1
34630.846638,1,1001169,269,2396700,1
34631.188225,1,1001170,158,2394400,1
34631.200858,1,1001171,300,2401100,-1
34631.251379,2,1000197,9,2402300,-1
34631.259229,1,1001172,143,2401900,-1
34631.443403,1,1001173,26,2394900,1
34631.452594,1,1001174,51,2399200,1
34631.771457,1,1001175,266,2401000,-1
34632.094021,2,1000571,10,2403300,-1
34632.507905,2,1000036,73,2396400,1
34632.784847,1,1001176,170,2397000,1
34632.887098,1,1001177,27,2402000,-1
34632.905628,2,1001112,25,2398800,1
34633.720761,1,1001178,86,2401500,-1
34633.884682,4,1000541,84,2401200,-1
34634.393969,2,1001172,48,2401900,-1
34634.414570,2,1000958,3,2400800,-1
34635.253765,4,1000089,47,2401300,-1
34635.457748,3,1000439,66,2400200,-1
34635.490570,1,1001179,186,2401200,-1
34635.755241,1,1001180,115,2395400,1
34635.955040,2,1000378,61,2400700,-1
34636.862006,5,1001181,167,2398700,1
34637.444441,4,1000038,11,2398600,1
34637.520083,2,1000583,53,2400700,-1
34637.537471,4,1001060,26,2401800,-1
34637.686629,3,1000227,118,2399700,1
34637.717476,5,1001182,156,2400400,-1
34637.796841,4,1000479,117,2395800,1
34637.823731,5,1001183,109,2395100,1
34637.880787,1,1001184,245,2399200,1
34638.237435,2,1000189,43,2400800,-1
34638.258985,1,1001185,291,2404400,-1
34638.337494,1,1001186,209,2402500,-1
34638.343107,1,1001187,62,2401000,-1
34638.573814,3,1000598,200,2398600,1
34638.617170,2,1000564,3,2405300,-1
34638.664759,2,1001171,68,2401100,-1
34638.808322,2,1000874,67,2399500,1
34639.075000,2,1000791,47,2397700,1
34639.086356,3,1001082,43,2400600,-1
34639.202499,3,1000544,76,2400600,-1
34639.361973,2,1000630,39,2403500,-1
34639.551756,1,1001188,220,2398000,1
34640.037916,5,1001189,55,2400200,-1
34640.199163,3,1000040,155,2397100,1
34640.204015,1,1001190,219,2404100,-1
34640.235382,3,1000503,176,2399400,1
34640.356780,5,1001191,28,2403100,-1
34640.494301,4,1000509,14,2403300,-1
34640.570439,3,1000709,115,2400800,-1
34641.316653,1,1001192,131,2397300,1
34641.357707,3,1000708,124,2397000,1
34641.474342,2,1000217,7,2402200,-1
34641.663864,1,1001193,133,2398300,1
34641.853262,1,1001194,284,2401500,-1
34642.149584,2,1000180,1,2400100,-1
34642.213782,1,1001195,63,2399900,-1
34642.230834,1,1001196,253,2397400,1
34642.361198,3,1000643,175,2399800,1
34642.875940,1,1001197,149,2395100,1
34643.163386,4,1001165,44,2398400,1
34643.451137,3,1000968,30,2402100,-1
34643.826503,4,1000766,16,2400400,-1
34643.979385,1,1001198,219,2398300,1
34643.986845,1,1001199,69,2398000,1
34644.045727,2,1000794,5,2399000,1
34644.415508,2,1000856,49,2401400,-1
34644.423807,4,1001028,19,2402600,-1
34644.603219,1,1001200,282,2400700,-1
34644.799478,1,1001201,292,2396100,1
34645.647960,1,1001202,248,2404400,-1
34645.753785,1,1001203,237,2394300,1
34645.772982,3,1000916,158,2401300,-1
34646.052054,4,1001170,82,2394400,1
34646.170417,1,1001204,175,2399000,1
34646.746471,1,1001205,23,2400900,-1
34647.036888,4,1001062,57,2401900,-1
34647.254257,3,1000041,80,2397800,1
34647.490720,3,1001035,75,2399700,1
34647.612897,3,1000636,58,2400100,1
34647.847385,1,1001206,61,2395800,1
34648.317431,4,1000908,142,2403400,-1
34648.675979,4,1000826,53,2402000,-1
34648.713482,3,1001068,164,2399100,1
34649.071695,5,1001207,100,2402800,-1
34649.200877,1,1001208,62,2402700,-1
34649.299529,1,1001209,257,2401700,-1
34649.356867,1,1001210,118,2403800,-1
34649.500541,2,1000280,5,2401600,-1
34649.767935,1,1001211,143,2403400,-1
34649.781951,2,1000763,47,2400700,-1
34649.808336,3,1000925,280,2396000,1
34649.819508,1,1001212,104,2399100,1
34649.972769,5,1001213,109,2399000,1
34650.035811,4,1000516,28,2399500,1
34650.207928,1,1001214,168,2399000,1
34650.395159,2,1001187,22,2401000,-1
34650.751365,1,1001215,147,2398900,1
34650.942160,1,1001216,151,2400900,-1
34651.133152,1,1001217,224,2401300,-1
34651.416340,4,1000620,143,2396400,1
34651.485265,2,1000951,11,2399100,1
34651.566765,2,1001206,12,2395800,1
34651.576594,3,1001205,23,2400900,-1
34651.585383,3,1000615,148,2398500,1
34652.038088,2,1001111,38,2398500,1
34652.388377,1,1001218,164,2400600,-1
34652.477088,2,1000119,12,2399900,1
34652.524277,4,1000663,24,2398800,1
34652.576302,4,1000523,17,2399400,1
34652.678638,1,1001219,271,2397900,1
34652.877503,1,1001220,238,2402800,-1
34652.958403,4,1000657,34,2399000,1
34653.047493,2,1000248,52,2400100,1
34653.432827,3,1001004,96,2397800,1
34653.493954,1,1001221,64,2398300,1
34653.504038,2,1001057,54,2404200,-1
34654.157017,1,1001222,162,2403500,-1
34654.357189,3,1000343,18,2401700,-1
34654.584903,5,1001223,265,2398800,1
34654.846992,2,1000310,68,2402600,-1
34654.943269,4,1000944,88,2397300,1
34655.378067,1,1001224,235,2398300,1
34655.867457,3,1000617,7,2399900,1
34656.143392,2,1000418,106,2400300,-1
34656.151087,1,1001225,120,2395300,1
34656.314624,1,1001226,145,2402800,-1
34656.343663,5,1001227,59,2402100,-1
34656.399134,1,1001228,203,2397800,1
34656.591116,3,1000953,3,2400500,-1
34656.610807,5,1001229,264,2398700,1
34656.850911,4,1000981,111,2401100,-1
34656.944534,1,1001230,205,2400000,1
34657.221401,3,1000065,161,2398500,1
34657.820908,4,1000392,38,2398700,1
34658.068299,4,1000333,156,2401200,-1
34658.460282,4,1000727,28,2397400,1
34658.502452,1,1001231,262,2402000,-1
34658.587751,4,1000963,68,2400400,-1
34658.786550,1,1001232,240,2399900,1
34659.144370,3,1000549,234,2400200,-1
34659.184879,2,1000392,9,2398700,1
34659.248489,1,1001233,274,2401000,-1
34659.320232,2,1000280,1,2401600,-1
34659.377178,2,1001160,43,2396000,1
34659.448132,2,1001129,27,2398700,1
34659.570624,1,1001234,39,2405100,-1
34659.630875,4,1000368,10,2405400,-1
34660.247139,1,1001235,291,2397000,1
34660.369427,3,1000941,103,2400900,-1
34660.410539,5,1001236,260,2401800,-1
34660.477966,5,1001237,97,2399200,1
34660.523712,2,1000462,56,2397800,1
34660.542323,1,1001238,281,2399700,1
34661.009932,3,1000401,36,2398600,1
34661.732993,1,1001239,132,2398900,1
34662.532044,5,1001240,139,2401600,-1
34662.647923,2,1001040,51,2398300,1
34662.741945,4,1000802,35,2399800,1
34662.804342,2,1000352,32,2401200,-1
34662.897653,2,1001079,93,2399600,1
34662.983365,1,1001241,210,2399500,1
34663.002833,3,1000571,31,2403300,-1
34663.225179,1,1001242,25,2401000,-1
34663.812339,2,1000166,22,2398900,1
34664.033318,3,1001104,141,2401300,-1
34664.289959,5,1001243,240,2399600,1
34664.446384,1,1001244,149,2397800,1
34664.448447,1,1001245,296,2402700,-1
34664.566518,1,1001246,37,2401400,-1
34664.761825,3,1000477,84,2397500,1
34664.840902,4,1000123,93,2396100,1
34665.024810,2,1000960,33,2400100,1
34665.035059,3,1000547,249,2395600,1
34665.199146,4,1000466,8,2401800,-1
34665.236123,2,1000535,4,2404700,-1
34665.304292,1,1001247,48,2401500,-1
34665.363427,1,1001248,139,2398600,1
34665.411816,1,1001249,183,2402100,-1
34665.823873,1,1001250,127,2397400,1
34665.833045,2,1001100,71,2398700,1
34665.936178,3,1001119,89,2400000,-1
34666.156406,1,1001251,221,2402900,-1
34666.538496,1,1001252,171,2401400,-1
34666.613760,3,1000034,176,2398100,1
34666.621412,5,1001253,142,2401300,-1
34667.062252,2,1001116,116,2398600,1
34667.186405,4,1000792,86,2405300,-1
34667.216683,1,1001254,119,2401100,-1
34667.571534,4,1000475,60,2397000,1
34667.861625,4,1000756,250,2397300,1
34667.893663,2,1000742,34,2402200,-1
34667.907488,1,1001255,271,2402500,-1
34668.255307,4,1000259,174,2399200,1
34668.548789,2,1001054,63,2401300,-1
34668.572860,1,1001256,246,2401300,-1
34668.789817,2,1000121,31,2399000,1
34669.149408,3,1000255,263,2403700,-1
34669.232457,1,1001257,270,2399700,1
34669.399573,2,1000979,3,2402100,-1
34669.603451,2,1000778,37,2400200,-1
34670.255398,3,1000719,70,2395600,1
34670.292488,1,1001258,53,2401100,-1
34670.403512,1,1001259,229,2398300,1
34670.501640,2,1000338,6,2402200,-1
34670.755959,5,1001260,111,2401000,-1
34671.381043,4,1000372,49,2396400,1
34671.680468,5,1001261,104,2405800,-1
34672.062848,2,1000161,124,2401300,-1
34672.159713,1,1001262,120,2399200,1
34672.425985,2,1001201,128,2396100,1
34672.613841,2,1000083,6,2401400,-1
34673.128360,2,1000444,7,2402700,-1
34673.296177,4,1001092,178,2398900,1
34673.306761,3,1001258,53,2401100,-1
34673.376360,4,1000552,17,2398000,1
34673.554350,4,1000123,106,2396100,1
34673.826606,1,1001263,290,2402900,-1
34674.033038,2,1001005,61,2404600,-1
34674.084820,3,1001007,69,2399900,-1
34674.305239,2,1000768,45,2398400,1
34674.522942,2,1000293,51,2399800,1
34674.746612,2,1000021,18,2396100,1
34674.810653,5,1001264,188,2396500,1
34674.998268,1,1001265,283,2402200,-1
34675.049644,4,1001171,52,2401100,-1
34675.955015,3,1000272,172,2401300,-1
34676.269605,3,1000177,161,2396000,1
34676.282733,1,1001266,78,2398800,1
34676.466026,2,1000909,155,2403200,-1
34676.552609,1,1001267,266,2400200,1
34677.116984,2,1000376,54,2397000,1
34677.290181,1,1001268,153,2398100,1
34677.332196,4,1000686,14,2399400,1
34677.482052,2,1000170,22,2398000,1
34677.500940,1,1001269,281,2402100,-1
34677.754471,1,1001270,36,2400200,1
34677.915776,4,1000139,137,2399100,1
34678.144404,3,1000492,105,2399100,1
34678.511920,1,1001271,281,2400000,1
34679.256036,3,1000693,130,2398400,1
34679.510400,3,1000482,139,2403000,-1
34680.204976,3,1000567,222,2399500,1
34680.765936,1,1001272,44,2401100,-1
34681.736149,4,1000423,34,2401600,-1
34681.742793,3,1000350,163,2401100,-1
34682.292416,1,1001273,66,2398300,1
34682.330077,2,1000265,85,2399800,1
34682.814536,4,1001021,27,2399500,1
34682.963998,4,1000940,43,2402500,-1
34683.163285,2,1001153,107,2398200,1
34684.316281,1,1001274,165,2398900,1
34684.907649,2,1000299,82,2396800,1
34685.305488,2,1000759,14,2398300,1
34685.357625,1,1001275,38,2402400,-1
34685.381515,1,1001276,190,2402400,-1
34685.527993,2,1000340,47,2398800,1
34685.554077,1,1001277,176,2401500,-1
34685.583069,2,1000978,102,2400100,-1
34685.583975,2,1000328,44,2402600,-1
34685.786935,1,1001278,28,2400800,-1
34685.811095,2,1000391,8,2401300,-1
34685.915304,4,1000662,178,2400800,-1
34686.193693,2,1000008,11,2395500,1
34686.256784,3,1000084,220,2405000,-1
34686.321511,4,1001148,226,2399200,1
34686.358746,2,1001047,92,2399800,1
34686.617773,3,1000760,27,2400700,-1
34686.622259,1,1001279,183,2399600,1
34687.346830,4,1000620,95,2396400,1
34687.471495,4,1000247,30,2403400,-1
34687.675812,3,1000403,118,2401500,-1
34688.225297,2,1001036,44,2401500,-1
34688.601708,3,1000008,66,2395500,1
34688.685056,2,1001255,62,2402500,-1
34688.793138,3,1000200,31,2401900,-1
34689.204685,2,1001215,24,2398900,1
34689.777474,1,1001280,175,2398600,1
34690.038989,3,1000967,264,2398700,1
34690.660405,1,1001281,135,2401700,-1
34690.676022,1,1001282,58,2401500,-1
34690.679008,1,1001283,58,2402500,-1
34690.746918,1,1001284,183,2398400,1
34690.754137,2,1000939,27,2398500,1
34690.918495,5,1001285,22,2399000,1
34691.145401,1,1001286,261,2405000,-1
34691.831343,2,1001061,54,2401300,-1
34691.860257,3,1000958,17,2400800,-1
34691.866890,4,1000944,69,2397300,1
34692.273845,2,1000619,14,2400900,-1
34693.290567,3,1000484,244,2394700,1
34693.468080,2,1001145,32,2401300,-1
34693.491333,4,1001038,98,2401300,-1
34693.676642,2,1000465,24,2399900,-1
34693.709160,3,1000455,230,2399800,-1
34694.074435,2,1001136,105,2401200,-1
34694.389257,2,1000904,25,2397000,1
34694.445430,1,1001287,57,2397000,1
34694.577962,1,1001288,258,2400900,-1
34694.709544,3,1001140,131,2401500,-1
34694.763183,5,1001289,94,2399300,1
34694.768513,3,1000813,111,2401400,-1
34694.876610,3,1000340,86,2398800,1
34695.743741,3,1000731,41,2399300,1
34695.947090,2,1000676,54,2401900,-1
34696.197847,3,1000998,167,2398900,1
34696.305562,2,1000907,32,2398100,1
34697.477553,2,1000287,51,2402600,-1
34698.032452,1,1001290,149,2400500,-1
34698.055095,1,1001291,104,2398800,1
34698.192661,2,1001158,125,2396900,1
34698.202555,3,1001099,147,2396600,1
34699.075918,2,1000328,29,2402600,-1
34699.259864,2,1000568,19,2399500,1
34699.449543,3,1000776,133,2394800,1
34699.489301,4,1001157,13,2399900,-1
34699.748914,2,1000355,72,2399500,1
34699.755875,4,1000266,65,2399400,1
34699.889817,1,1001292,300,2403800,-1
34699.997567,1,1001293,83,2403000,-1
34700.423606,2,1000944,25,2397300,1
34700.615181,3,1000624,44,2401400,-1
34700.836891,2,1001200,54,2400700,-1
34701.616005,1,1001294,62,2401600,-1
34701.623735,3,1000120,2,2399500,1
34701.671324,5,1001295,147,2401600,-1
34702.637544,5,1001296,189,2402600,-1
34702.719617,4,1000923,126,2403700,-1
34702.785626,1,1001297,231,2403200,-1
34702.855674,1,1001298,217,2399000,1
34703.063982,4,1000629,114,2401200,-1
34703.266901,3,1000754,121,2398200,1
34703.341715,1,1001299,79,2398700,1
34703.735877,3,1000126,51,2401200,-1
34703.939661,1,1001300,115,2402300,-1
34704.032976,5,1001301,172,2397400,1
34704.061610,4,1001064,55,2403100,-1
34704.168619,1,1001302,198,2399200,1
34704.459767,1,1001303,275,2403700,-1
34705.181074,2,1001011,35,2397200,1
34705.239739,4,1000691,129,2401000,-1
34705.380423,1,1001304,51,2396600,1
34705.382129,2,1000633,32,2400400,1
34705.783889,4,1001244,117,2397800,1
34705.864720,2,1001163,14,2401200,-1
34705.999979,4,1000850,145,2398300,1
34706.024878,4,1001056,10,2398300,1
34706.062633,5,1001305,94,2399500,1
34706.083697,4,1000883,55,2397600,1
34706.265158,1,1001306,243,2399100,1
34706.390448,1,1001307,123,2398800,1
34706.517321,4,1000628,89,2402400,-1
34706.688419,5,1001308,116,2399100,1
34706.993833,4,1000691,24,2401000,-1
34707.269609,2,1000261,39,2403400,-1
34707.533520,4,1000595,45,2400600,-1
34707.574430,1,1001309,212,2402700,-1
34707.726363,1,1001310,297,2401500,-1
34707.749087,4,1001122,46,2399100,1
34707.824621,3,1000486,129,2396200,1
34707.824739,2,1001244,8,2397800,1
34707.909689,4,1000883,81,2397600,1
34707.972251,2,1001247,24,2401500,-1
34708.117590,1,1001311,77,2400200,1
34708.552209,1,1001312,33,2405300,-1
34708.594247,1,1001313,62,2403100,-1
34708.714687,1,1001314,238,2402300,-1
34708.867361,5,1001315,182,2396700,1
34708.943093,2,1001208,15,2402700,-1
34709.541676,2,1000910,34,2403700,-1
34710.446177,1,1001316,227,2402200,-1
34710.928310,4,1001249,75,2402100,-1
34711.029923,4,1000651,103,2400300,-1
34711.035524,1,1001317,244,2399300,1
34711.095977,3,1000562,5,2402900,-1
34711.523861,1,1001318,26,2401700,-1
34711.645473,1,1001319,253,2401200,-1
34711.666423,1,1001320,298,2397600,1
34711.878749,2,1000889,34,2398300,1
34711.990520,1,1001321,281,2400800,-1
34712.019587,1,1001322,212,2401200,-1
34712.043640,3,1000170,114,2398000,1
34712.202049,3,1001166,163,2401200,-1
34712.315429,3,1001263,290,2402900,-1
34712.373001,1,1001323,152,2400700,-1
34712.680868,1,1001324,60,2399300,1
34713.100172,2,1000837,33,2398200,1
34713.370506,2,1000821,20,2401200,-1
34713.408881,2,1000071,110,2401100,-1
34713.815704,4,1000970,45,2398500,1
34714.107060,1,1001325,121,2401600,-1
34714.355759,4,1001100,110,2398700,1
34714.390867,1,1001326,87,2396800,1
34714.490252,2,1000905,5,2399300,1
34715.001231,3,1000399,195,2398100,1
34715.082909,4,1000867,78,2402700,-1
34715.486869,1,1001327,54,2396000,1
34715.526115,5,1001328,109,2397800,1
34715.587568,1,1001329,196,2401500,-1
34716.146372,1,1001330,77,2397300,1
34716.202824,1,1001331,128,2395200,1
34717.198080,1,1001332,163,2395200,1
34717.338239,1,1001333,224,2397800,1
34717.416855,3,1000881,21,2399000,1
34717.530286,1,1001334,91,2401000,-1
34718.324781,1,1001335,32,2398100,1
34718.428099,3,1001329,196,2401500,-1
34718.583025,1,1001336,237,2398900,1
34718.855056,3,1001186,209,2402500,-1
34719.405823,2,1000913,77,2395200,1
34719.500690,1,1001337,170,2401200,-1
34719.910925,2,1001309,83,2402700,-1
34720.043101,4,1000071,75,2401100,-1
34720.051704,1,1001338,173,2398800,1
34720.089991,1,1001339,185,2403000,-1
34720.640020,2,1000165,27,2398300,1
34720.826354,2,1000846,129,2405500,-1
34721.011557,4,1001061,53,2401300,-1
34721.352160,2,1001145,27,2401300,-1
34721.513496,1,1001340,56,2402300,-1
34721.859527,3,1000836,129,2398600,1
34721.878221,1,1001341,218,2401400,-1
34721.890995,2,1000603,78,2401300,-1
34722.036915,1,1001342,277,2396300,1
34722.152791,2,1000550,19,2398400,1
34722.192338,2,1000179,57,2404900,-1
34722.333938,3,1000047,17,2398200,1
34722.361039,2,1000283,28,2401600,-1
34722.412988,2,1000097,4,2401600,-1
34722.428257,1,1001343,244,2399700,1
34723.192009,1,1001344,125,2401100,-1
34723.379267,4,1000364,38,2395100,1
34723.862252,1,1001345,146,2404700,-1
34723.912003,2,1001177,5,2402000,-1
34724.094865,1,1001346,246,2401400,-1
34724.396022,4,1000984,6,2402600,-1
34724.568806,1,1001347,176,2398800,1
34724.577847,1,1001348,65,2401000,-1
34724.723852,3,1000325,70,2397900,1
34725.214300,1,1001349,130,2400200,1
34725.532517,1,1001350,238,2404600,-1
34725.772042,1,1001351,197,2398900,1
34725.942542,1,1001352,79,2398800,1
34726.076504,2,1000842,96,2400500,-1
34726.393823,2,1000902,112,2396900,1
34726.430534,4,1000912,117,2398600,1
34726.511177,3,1001133,87,2403800,-1
34726.913556,2,1000257,65,2401500,-1
34726.969898,1,1001353,216,2395400,1
34727.127972,1,1001354,68,2400900,-1
34727.483622,3,1000390,234,2399300,1
34727.536386,5,1001355,177,2403000,-1
34727.587984,4,1000306,28,2403300,-1
34727.716620,1,1001356,161,2405000,-1
34727.792015,5,1001357,98,2396300,1
34727.830289,2,1001152,47,2396800,1
34727.913638,2,1000246,74,2402100,-1
34728.154969,3,1000211,118,2400000,1
34728.405851,3,1000576,73,2405000,-1
34728.868708,2,1000203,91,2403200,-1
34729.610040,2,1000100,8,2400100,-1
34729.714225,2,1001197,21,2395100,1
34729.791289,2,1000189,94,2400800,-1
34729.880397,1,1001358,29,2397400,1
34729.958600,4,1001293,41,2403000,-1
34729.990871,5,1001359,171,2403900,-1
34730.018035,1,1001360,238,2400100,1
34730.480892,1,1001361,187,2399100,1
34730.819025,1,1001362,197,2399700,1
34730.867365,3,1000557,17,2394400,1
34730.913566,2,1000332,13,2399300,1
34730.957008,4,1000039,11,2402400,-1
34731.043512,1,1001363,294,2402000,-1
34731.266529,1,1001364,141,2401200,-1
34731.342807,1,1001365,168,2397600,1
34731.637013,2,1000763,20,2400700,-1
34731.784778,5,1001366,77,2399600,1
34732.797665,1,1001367,20,2399400,1
34733.172910,1,1001368,205,2400600,-1
34733.310584,2,1001254,30,2401100,-1
34733.468898,3,1000826,69,2402000,-1
34733.590314,2,1000098,38,2399300,1
34733.723298,1,1001369,96,2402300,-1
34733.837696,1,1001370,223,2401000,-1
34733.856059,1,1001371,96,2401100,-1
34734.328036,3,1001019,80,2399600,1
34734.339754,2,1000583,126,2400700,-1
34734.821747,2,1000740,50,2400500,-1
34735.011120,2,1000855,4,2398900,1
34735.521216,2,1001306,126,2399100,1
34735.545007,3,1000575,35,2402500,-1
34736.045066,2,1000341,51,2400900,-1
34736.160621,1,1001372,49,2405100,-1
34736.173058,2,1000327,57,2399000,1
34736.583650,1,1001373,237,2399600,1
34737.001556,2,1000970,44,2398500,1
34737.059222,3,1001200,228,2400700,-1
34737.075966,4,1001126,38,2399100,1
34737.137886,1,1001374,261,2403000,-1
34737.356697,4,1000198,22,2400400,-1
34737.898283,1,1001375,176,2398100,1
34738.024240,2,1000874,27,2399500,1
34738.049108,1,1001376,268,2403000,-1
34738.191641,5,1001377,134,2405500,-1
34738.223562,1,1001378,48,2402000,-1
34738.259544,1,1001379,254,2402700,-1
34738.741097,3,1000228,258,2402500,-1
34739.078802,5,1001380,294,2399800,1
34739.153316,3,1000620,36,2396400,1
34739.749566,1,1001381,49,2399900,1
34740.153182,5,1001382,229,2401100,-1
34740.360871,2,1000609,57,2401600,-1
34740.847475,2,1000758,36,2402100,-1
34741.077972,3,1000077,62,2396700,1
34741.392826,1,1001383,256,2399800,1
34741.694002,1,1001384,112,2400100,1
34741.746636,1,1001385,204,2402000,-1
34742.152642,3,1000811,157,2396900,1
34742.362111,2,1001337,90,2401200,-1
34742.370766,2,1000844,44,2396700,1
34742.447994,1,1001386,39,2401600,-1
34742.597916,1,1001387,268,2396200,1
34742.644005,3,1000265,165,2399800,1
34743.056083,2,1001115,34,2401100,-1
34743.102464,2,1000021,12,2396100,1
34743.132194,1,1001388,125,2402800,-1
34743.325191,1,1001389,26,2404700,-1
34743.389729,1,1001390,293,2400500,1
34743.967011,1,1001391,190,2403500,-1
34744.223336,2,1000741,144,2402000,-1
34744.389602,1,1001392,153,2404300,-1
34744.499811,2,1001314,124,2402300,-1
34744.641350,2,1000233,38,2401400,-1
34744.816043,3,1001214,168,2399000,1
34744.882716,1,1001393,132,2401700,-1
34745.256279,1,1001394,198,2399600,1
34745.357670,1,1001395,194,2398200,1
34745.439774,1,1001396,263,2397300,1
34745.605909,3,1000368,19,2405400,-1
34745.769404,1,1001397,206,2396200,1
34746.041500,3,1000156,123,2398800,1
34746.830420,2,1000100,10,2400100,-1
34746.908208,1,1001398,190,2399100,1
34747.230604,3,1000857,21,2397000,1
34747.480365,4,1001145,17,2401300,-1
34747.704844,2,1000536,7,2397700,1
34747.933467,5,1001399,122,2403500,-1
34748.579535,1,1001400,113,2399600,-1
34748.703591,1,1001401,159,2397900,1
34748.798699,3,1000867,61,2402700,-1
34748.812479,5,1001402,87,2396200,1
34748.826119,1,1001403,236,2400400,-1
34749.123109,3,1000936,200,2402800,-1
34749.237784,2,1000837,25,2398200,1
34749.627694,1,1001404,85,2400000,-1
34749.994662,2,1000627,138,2401400,-1
34750.006250,4,1000724,88,2402100,-1
34750.096166,5,1001405,78,2401000,-1
34750.245086,4,1000075,56,2402600,-1
34750.461766,2,1000021,16,2396100,1
34750.532978,1,1001406,40,2402500,-1
34750.682757,1,1001407,132,2398500,1
34750.702908,4,1000043,150,2400200,-1
34751.123089,4,1000185,242,2400400,-1
34751.169184,1,1001408,61,2400500,-1
34751.429049,2,1000802,30,2399800,1
34751.563443,1,1001409,249,2399600,-1
34751.822339,1,1001410,253,2403200,-1
34751.966439,4,1000969,255,2398800,1
34752.044645,2,1001077,38,2400400,-1
34752.347001,1,1001411,282,2398200,1
34752.380857,4,1000496,98,2400500,-1
34752.425789,3,1001327,54,2396000,1
34752.957916,1,1001412,62,2400800,-1
34753.119427,2,1000738,124,2401300,-1
34753.174989,4,1001131,94,2397100,1
34753.186174,1,1001413,63,2402000,-1
34753.255231,1,1001414,143,2400600,-1
34753.523046,5,1001415,105,2398300,1
34753.613542,4,1000603,43,2401300,-1
34753.665804,4,1000471,46,2401000,-1
34753.746483,5,1001416,112,2400400,-1
34753.781183,1,1001417,79,2397500,1
34754.077918,1,1001418,299,2398600,1
34754.216412,2,1000354,2,2396800,1
34755.081517,1,1001419,279,2397900,1
34755.516838,1,1001420,48,2399900,-1
34755.684093,2,1001286,98,2405000,-1
34755.870235,2,1001300,49,2402300,-1
34756.445072,3,1000446,77,2400300,-1
34756.694286,3,1000661,166,2398300,1
34756.981460,2,1000171,4,2402200,-1
34756.994531,2,1001404,23,2400000,-1
34757.142574,2,1000970,21,2398500,1
34757.144998,2,1000934,18,2398900,1
34757.226740,1,1001421,34,2400400,-1
34757.473923,1,1001422,175,2402500,-1
34757.975279,3,1000929,107,2401100,-1
34758.072551,4,1000096,59,2397400,1
34758.325651,3,1000607,146,2398700,1
34758.479298,1,1001423,252,2398000,1
34758.770188,4,1001062,69,2401900,-1
34758.806260,2,1000943,87,2404700,-1
34758.859547,4,1001271,146,2400000,1
34759.182411,3,1001365,168,2397600,1
34759.219694,5,1001424,174,2400700,-1
34759.310476,4,1000089,50,2401300,-1
34759.337601,4,1000158,9,2400300,-1
34759.473487,1,1001425,135,2401400,-1
34759.650376,1,1001426,67,2399500,1
34759.771668,4,1000052,127,2400400,-1
34760.289385,4,1000652,9,2398500,1
34760.299278,4,1000100,6,2400100,-1
34760.405284,2,1001076,16,2400100,-1
34760.453225,1,1001427,118,2400700,-1
34760.887526,3,1000831,183,2399800,1
34761.052302,2,1000712,88,2400300,-1
34761.123956,1,1001428,40,2399700,1
34761.161767,2,1000149,85,2404000,-1
34762.172061,1,1001429,250,2405200,-1
34762.447455,1,1001430,98,2399900,1
34762.740893,4,1001055,76,2399300,1
34762.868056,1,1001431,64,2398600,1
34762.901426,3,1001346,246,2401400,-1
34762.912981,4,1001288,197,2400900,-1
34763.062932,1,1001432,206,2398200,1
34763.242344,3,1000920,80,2403700,-1
34763.564332,4,1000550,12,2398400,1
34763.718900,1,1001433,183,2403200,-1
34763.789174,1,1001434,40,2399700,1
34764.533893,5,1001435,74,2401300,-1
34764.628613,4,1000168,98,2400300,-1
34764.896765,2,1000413,99,2401000,-1
34765.094267,4,1001322,71,2401200,-1
34765.270167,2,1001014,74,2403500,-1
34765.329752,2,1000499,20,2395800,1
34765.726342,1,1001436,218,2396900,1
34765.877590,1,1001437,265,2398100,1
34766.054415,2,1001350,38,2404600,-1
34766.559116,3,1000644,229,2398200,1
34766.624592,3,1000282,124,2399400,1
34766.689830,1,1001438,300,2401700,-1
34767.713932,5,1001439,21,2397000,1
34767.853840,1,1001440,54,2402100,-1
34767.902269,4,1001101,124,2399000,1
34768.048100,4,1001171,119,2401100,-1
34768.336837,2,1001244,6,2397800,1
34768.705964,3,1000647,95,2398900,1
34768.897807,4,1000276,128,2398700,1
34768.961959,3,1001111,89,2398500,1
34769.602155,1,1001441,140,2395200,1
34769.969672,4,1001063,24,2402400,-1
34770.129642,1,1001442,151,2395000,1
34770.788617,2,1001345,15,2404700,-1
34770.887368,4,1001228,48,2397800,1
34770.955188,1,1001443,118,2398000,1
34771.459343,1,1001444,181,2398700,1
34771.835305,2,1000370,8,2398500,1
34771.868315,4,1000720,25,2399500,1
34771.962339,1,1001445,218,2399800,1
34772.048577,3,1000488,163,2400700,-1
34772.158106,2,1000921,133,2397900,1
34772.581367,3,1000433,150,2399300,1
34772.601124,2,1000986,33,2398000,1
34772.848897,3,1001245,296,2402700,-1
34773.013686,1,1001446,251,2399800,1
34773.182408,2,1001340,29,2402300,-1
34773.314968,5,1001447,259,2402000,-1
34773.442033,2,1000352,52,2401200,-1
34773.743195,3,1001020,40,2400100,1
34773.937018,1,1001448,203,2399200,1
34774.046587,3,1000226,80,2399700,1
34774.179204,1,1001449,258,2402300,-1
34774.233488,3,1000523,8,2399400,1
34774.248622,2,1000202,5,2397600,1
34774.525479,1,1001450,161,2400500,-1
34774.815649,1,1001451,182,2399400,1
34775.007394,3,1000198,4,2400400,-1
34775.036582,1,1001452,112,2401800,-1
34775.977327,3,1001252,171,2401400,-1
34776.075990,3,1000333,114,2401200,-1
34776.136504,3,1000281,280,2398000,1
34776.269704,3,1001378,48,2402000,-1
34776.381391,1,1001453,88,2401300,-1
34776.469142,2,1000564,2,2405300,-1
34776.909288,1,1001454,128,2399500,1
34777.190859,3,1000890,152,2398700,1
34777.321047,2,1000365,91,2394700,1
34777.368131,4,1001379,253,2402700,-1
34777.616547,3,1000740,38,2400500,-1
34777.870585,1,1001455,268,2399500,1
34778.082640,3,1000485,126,2404700,-1
34778.260941,1,1001456,123,2400900,-1
34778.394320,4,1000122,13,2399900,1
34778.747044,1,1001457,280,2403700,-1
34778.752915,1,1001458,107,2399800,1
34779.138486,3,1000231,202,2400400,1
34779.297070,4,1000131,15,2401500,-1
34779.399419,3,1001002,246,2398700,1
34779.439291,1,1001459,195,2398800,1
34779.796824,4,1000704,5,2399500,1
34779.803228,3,1000626,90,2402400,-1
34779.924335,2,1000067,35,2403400,-1
34780.090187,2,1000735,28,2398900,1
34780.506664,3,1000181,18,2400800,-1
34780.522609,1,1001460,241,2403300,-1
34780.707630,3,1000394,283,2400500,-1
34780.769458,1,1001461,38,2402100,-1
34780.864311,4,1000419,39,2399200,1
34780.912744,2,1001167,91,2404800,-1
34780.926568,3,1000803,17,2397000,1
34781.328771,1,1001462,256,2399400,1
34781.450316,2,1001385,46,2402000,-1
34781.928495,1,1001463,219,2399900,1
34782.014423,1,1001464,237,2399900,1
34782.245452,1,1001465,27,2395500,1
34782.603780,1,1001466,88,2402000,-1
34782.712855,4,1000527,16,2400800,-1
34783.802619,1,1001467,37,2401800,-1
34784.008663,2,1000638,23,2396300,1
34784.025113,1,1001468,112,2399700,1
34784.177533,1,1001469,219,2398000,1
34784.490964,4,1000469,63,2400700,-1
34784.884417,2,1001231,85,2402000,-1
34785.083045,2,1000241,13,2403200,-1
34785.548993,1,1001470,30,2400900,-1
34785.636871,2,1001033,3,2395200,1
34785.874174,3,1000290,23,2398100,1
34786.619913,4,1001042,71,2402200,-1
34786.866455,4,1000940,18,2402500,-1
34787.419389,1,1001471,24,2402200,-1
34787.580701,1,1001472,158,2405600,-1
34787.606027,1,1001473,200,2402600,-1
34787.722723,2,1001456,34,2400900,-1
34788.286815,3,1000819,108,2399000,1
34788.343984,4,1000656,21,2402000,-1
34788.546617,1,1001474,119,2399600,1
34788.666422,4,1001203,140,2394300,1
34788.787633,4,1000009,21,2401600,-1
34789.166084,3,1000700,49,2397100,1
34789.643275,3,1000283,241,2401600,-1
34789.986992,1,1001475,125,2400800,-1
34790.176051,1,1001476,242,2404800,-1
34790.600525,1,1001477,49,2399300,1
34790.665795,1,1001478,48,2398200,1
34791.147036,2,1000248,11,2400100,1
34791.317514,2,1001003,122,2398300,1
34791.864327,2,1001249,53,2402100,-1
34792.040298,1,1001479,132,2402100,-1
34792.406479,1,1001480,103,2399200,1
34792.983887,4,1000527,27,2400800,-1
34793.192667,1,1001481,300,2402500,-1
34793.282762,2,1000078,53,2399000,1
34793.661497,2,1000608,4,2400800,-1
34793.960238,1,1001482,194,2398400,1
34794.042245,5,1001483,156,2403600,-1
34794.049147,1,1001484,22,2400000,1
34794.116328,2,1000254,32,2401900,-1
34794.885555,1,1001485,202,2401700,-1
34795.449952,5,1001486,139,2402800,-1
34795.590250,4,1000130,225,2403100,-1
34795.691860,3,1001465,27,2395500,1
34796.576138,1,1001487,272,2403700,-1
34796.844010,1,1001488,276,2400000,1
34796.861228,4,1000651,54,2400300,-1
34797.076112,1,1001489,22,2398900,1
34797.176741,4,1000250,26,2402300,-1
34797.205162,1,1001490,80,2400600,-1
34797.323309,5,1001491,256,2402500,-1
34797.611862,3,1000416,86,2399900,-1
34797.668758,2,1000082,36,2394900,1
34797.828227,2,1000524,99,2399000,1
34797.870153,4,1000534,192,2398500,1
34797.944554,4,1000121,16,2399000,1
34798.008307,2,1000035,14,2402700,-1
34798.051403,3,1000681,133,2398600,1
34798.097924,4,1000842,139,2400500,-1
34798.324102,1,1001492,77,2399100,1
34798.447066,2,1000378,26,2400700,-1
34798.604965,5,1001493,247,2398800,1
34798.755553,5,1001494,106,2404000,-1
34798.974460,1,1001495,137,2396800,1
34799.195278,3,1000737,87,2397900,1
34799.362321,2,1001131,27,2397100,1
34799.426163,1,1001496,139,2401300,-1
34799.474657,5,1001497,89,2401200,-1
34799.497694,5,1001498,291,2399700,1
34799.582423,1,1001499,167,2402600,-1
34799.610075,4,1000359,205,2399200,1
34799.849274,5,1001500,257,2400900,-1
34800.917513,2,1001032,78,2397800,1
34803.231494,3,1000071,10,2401100,-1
34803.733577,2,1000328,53,2402600,-1
34803.778138,3,1000999,147,2400300,-1
34804.024496,3,1000052,31,2400400,-1
34804.146874,3,1000859,67,2400600,-1
34804.595695,2,1000075,101,2402600,-1
34804.649182,2,1000716,54,2397400,1
34804.780782,1,1001501,49,2400100,1
34804.899082,2,1000923,56,2403700,-1
34805.190346,1,1001502,131,2399200,1
34805.482429,2,1001076,6,2400100,-1
34806.047517,3,1001459,195,2398800,1
34806.161192,1,1001503,211,2401900,-1
34806.367128,3,1001216,151,2400900,-1
34806.413977,2,1000361,46,2398500,1
34806.419767,4,1000036,138,2396400,1
34806.850025,3,1000572,244,2399200,1
34807.370788,1,1001504,166,2399800,1
34807.425901,3,1001299,79,2398700,1
